
   <!--Record: 3-->
   <record>
      <leader>04225nab a2200661 u 4500</leader>
      <controlfield tag="001">9915864526307426</controlfield>
      <controlfield tag="005">20221119084707.0</controlfield>
      <controlfield tag="008">220523e201810 xx |||||o|||||||||||eng||</controlfield>
      <datafield tag="016" ind1="7" ind2=" ">
         <subfield code="a">IND607780520</subfield>
         <subfield code="2">DNAL</subfield>
      </datafield>
      <datafield tag="024" ind1="7" ind2=" ">
         <subfield code="a">10.1016/j.jag.2018.05.016</subfield>
         <subfield code="2">doi</subfield>
      </datafield>
      <datafield tag="035" ind1=" " ind2=" ">
         <subfield code="a">agid:7780520-01nal_inst</subfield>
      </datafield>
      <datafield tag="040" ind1=" " ind2=" ">
         <subfield code="a">AGL</subfield>
         <subfield code="b">eng</subfield>
         <subfield code="c">AGL</subfield>
      </datafield>
      <datafield tag="100" ind1="1" ind2=" ">
         <subfield code="a">Soti, V.</subfield>
         <subfield code="e">author</subfield>
         <subfield code="u">CIRAD, UPR AIDA, F-34398 Montpellier, France</subfield>
      </datafield>
      <datafield tag="245" ind1="1" ind2="0">
         <subfield code="a">Designing a field sampling plan for landscape-pest ecological studies using
        VHR optical imagery</subfield>
      </datafield>
      <datafield tag="300" ind1=" " ind2=" ">
         <subfield code="a">p. 26-33.</subfield>
      </datafield>
      <datafield tag="506" ind1=" " ind2=" ">
         <subfield code="a">Creative Commons Attribution 4.0 Generic (CC BY-NC-ND 4.0)</subfield>
         <subfield code="u">http://creativecommons.org/licenses/by-nc-nd/4.0/</subfield>
         <subfield code="f">Unrestricted online access</subfield>
         <subfield code="2">star</subfield>
      </datafield>
      <datafield tag="506" ind1=" " ind2=" ">
         <subfield code="a">Resource is Open Access</subfield>
         <subfield code="u">http://purl.org/eprint/accessRights/OpenAccess</subfield>
         <subfield code="f">Unrestricted online access</subfield>
         <subfield code="2">star</subfield>
      </datafield>
      <datafield tag="520" ind1=" " ind2=" ">
         <subfield code="a">The objective of this study was to develop an easily replicable sampling
        methodology using very high spatial resolution (VHSR) optical imagery to study the effect of
        landscape composition on crop pest incidence and biological control. The methodology was
        developed for the millet head miner (MHM), Heliocheilus albipunctella (de Joannis)
        (Lepidoptera: Noctuidae), a key pest of millet in Senegal (West Africa). The sampling plan
        was developed according to two main hypotheses: (i) pest incidence increases with millet
        abundance in the landscape, and (ii) biological control increases with the abundance of
        semi-natural habitats in the landscape. VHSR satellite imagery (&lt;1 m) provided from a
        Pléiades sensor was used to map and to quantify the landscape elements. Covering a square
        region of 20 × 20 km, a hierarchical, broad-scale land cover map focusing on crop (millet
        and peanut crops) and tree (tree vegetation) categories was produced and validated with
        ground truth data. Then, the landscape variables (tree density index and millet crop density
        index) were calculated based on a regular grid of 100 ha for each cell size covering the
        study area; the variables were then split into three density classes (low-medium-high)
        representative of the full landscape heterogeneity and combined into nine landscape
        patterns. Finally, according to sampling capacity, track accessibility, and statistical
        constraints, 45 field sites, including five replicates for each landscape pattern, were
        validated and selected for pest monitoring.</subfield>
      </datafield>
      <datafield tag="592" ind1=" " ind2=" ">
         <subfield code="a">Publisher supplied data</subfield>
      </datafield>
      <datafield tag="593" ind1=" " ind2=" ">
         <subfield code="a">PubAg article</subfield>
      </datafield>
      <datafield tag="650" ind1=" " ind2="3">
         <subfield code="a">Heliocheilus albipunctella</subfield>
      </datafield>
      <datafield tag="650" ind1=" " ind2="3">
         <subfield code="a">biological control</subfield>
      </datafield>
      <datafield tag="650" ind1=" " ind2="3">
         <subfield code="a">land cover</subfield>
      </datafield>
      <datafield tag="650" ind1=" " ind2="3">
         <subfield code="a">landscapes</subfield>
      </datafield>
      <datafield tag="650" ind1=" " ind2="3">
         <subfield code="a">millets</subfield>
      </datafield>
      <datafield tag="650" ind1=" " ind2="3">
         <subfield code="a">peanuts</subfield>
      </datafield>
      <datafield tag="650" ind1=" " ind2="3">
         <subfield code="a">plant density</subfield>
      </datafield>
      <datafield tag="650" ind1=" " ind2="3">
         <subfield code="a">plant pests</subfield>
      </datafield>
      <datafield tag="650" ind1=" " ind2="3">
         <subfield code="a">remote sensing</subfield>
      </datafield>
      <datafield tag="650" ind1=" " ind2="3">
         <subfield code="a">spatial data</subfield>
      </datafield>
      <datafield tag="650" ind1=" " ind2="3">
         <subfield code="a">vegetation</subfield>
      </datafield>
      <datafield tag="651" ind1=" " ind2="3">
         <subfield code="a">Senegal</subfield>
      </datafield>
      <datafield tag="653" ind1=" " ind2="0">
         <subfield code="a">Millet</subfield>
      </datafield>
      <datafield tag="653" ind1=" " ind2="0">
         <subfield code="a">Pest control</subfield>
      </datafield>
      <datafield tag="653" ind1=" " ind2="0">
         <subfield code="a">Pleiades images</subfield>
      </datafield>
      <datafield tag="653" ind1=" " ind2="0">
         <subfield code="a">Sampling design</subfield>
      </datafield>
      <datafield tag="700" ind1="1" ind2=" ">
         <subfield code="a">Lelong, C.</subfield>
         <subfield code="e">author</subfield>
         <subfield code="u">Cirad UMR TETIS, Maison de la télédétection, 500 rue JF Breton, 34093
        Montpellier, France</subfield>
      </datafield>
      <datafield tag="700" ind1="1" ind2=" ">
         <subfield code="a">Goebel, F-R.</subfield>
         <subfield code="e">author</subfield>
         <subfield code="u">CIRAD, UPR AIDA, F-34398 Montpellier, France</subfield>
         <subfield code="1">https://orcid.org/0000-0002-5438-1078</subfield>
      </datafield>
      <datafield tag="700" ind1="1" ind2=" ">
         <subfield code="a">Brévault, T.</subfield>
         <subfield code="e">author</subfield>
         <subfield code="u">CIRAD, UPR AIDA, F-34398 Montpellier, France</subfield>
      </datafield>
      <datafield tag="773" ind1="0" ind2=" ">
         <subfield code="t">International journal of applied earth observation and
        geoinformation.</subfield>
         <subfield code="g">2018 Oct., v. 72 p.26-33</subfield>
         <subfield code="d">Elsevier B.V.</subfield>
         <subfield code="w">Journal:21448</subfield>
         <subfield code="x">1569-8432</subfield>
         <subfield code="7">nnas</subfield>
      </datafield>
      <datafield tag="787" ind1="1" ind2=" ">
         <subfield code="o">islandora_article_repository</subfield>
      </datafield>
      <datafield tag="787" ind1="1" ind2=" ">
         <subfield code="o">product_pubag</subfield>
      </datafield>
      <datafield tag="787" ind1="1" ind2=" ">
         <subfield code="o">(Journal)21448</subfield>
      </datafield>
      <datafield tag="856" ind1="4" ind2="0">
         <subfield code="u">http://dx.doi.org/10.1016/j.jag.2018.05.016</subfield>
      </datafield>
      <datafield tag="912" ind1=" " ind2=" ">
         <subfield code="a">Article</subfield>
      </datafield>
      <datafield tag="914" ind1=" " ind2=" ">
         <subfield code="a">Journal:21448</subfield>
         <subfield code="b">1569-8432</subfield>
         <subfield code="c">72</subfield>
         <subfield code="e">26</subfield>
      </datafield>
      <datafield tag="914" ind1=" " ind2=" ">
         <subfield code="f">International journal of applied earth observation and
        geoinformation</subfield>
      </datafield>
      <datafield tag="917" ind1=" " ind2=" ">
         <subfield code="a">issued</subfield>
      </datafield>
      <datafield tag="918" ind1="2" ind2=" ">
         <subfield code="a">Elsevier Consyn</subfield>
         <subfield code="e">provider</subfield>
         <subfield code="5">DNAL</subfield>
      </datafield>
      <datafield tag="935" ind1=" " ind2=" ">
         <subfield code="a">IND607780520</subfield>
         <subfield code="9">ExL</subfield>
      </datafield>
      <datafield tag="949" ind1=" " ind2=" ">
         <subfield code="a">2022-05-23</subfield>
      </datafield>
      <datafield tag="952" ind1=" " ind2=" ">
         <subfield code="d">NAL-AP-2-clean</subfield>
      </datafield>
      <datafield tag="953" ind1=" " ind2=" ">
         <subfield code="a">/data/metadata/incoming/consyn/175079966703713205-00005-HEAD-ONLY-NEW
        CONSYN ISSNS.zip</subfield>
      </datafield>
      <datafield tag="954" ind1=" " ind2=" ">
         <subfield code="a">file:/data/metadata/staging/consyn/S0303243417303069.xml</subfield>
      </datafield>
      <datafield tag="955" ind1=" " ind2=" ">
         <subfield code="a">/data/metadata/staging/consyn/</subfield>
      </datafield>
      <datafield tag="974" ind1=" " ind2=" ">
         <subfield code="a">agid:7780520</subfield>
      </datafield>
      <datafield tag="983" ind1=" " ind2=" ">
         <subfield code="a">2022-05-23</subfield>
      </datafield>
      <datafield tag="984" ind1=" " ind2=" ">
         <subfield code="a">2022-05-23</subfield>
      </datafield>
   </record>