
   <!--Record: 4-->
   <record>
      <leader>05557nab a2200637 u 4500</leader>
      <controlfield tag="001">9915864563607426</controlfield>
      <controlfield tag="005">20221119084550.0</controlfield>
      <controlfield tag="008">220606e202203 xx |||||o|||||||||||eng||</controlfield>
      <datafield tag="016" ind1="7" ind2=" ">
         <subfield code="a">IND607781353</subfield>
         <subfield code="2">DNAL</subfield>
      </datafield>
      <datafield tag="024" ind1="7" ind2=" ">
         <subfield code="a">10.1016/j.jag.2022.102709</subfield>
         <subfield code="2">doi</subfield>
      </datafield>
      <datafield tag="035" ind1=" " ind2=" ">
         <subfield code="a">agid:7781353-01nal_inst</subfield>
      </datafield>
      <datafield tag="040" ind1=" " ind2=" ">
         <subfield code="a">AGL</subfield>
         <subfield code="b">eng</subfield>
         <subfield code="c">AGL</subfield>
      </datafield>
      <datafield tag="100" ind1="1" ind2=" ">
         <subfield code="a">Tu, Wenna</subfield>
         <subfield code="e">author</subfield>
         <subfield code="u">State Key Laboratory of Resources and Environmental Information System,
        Institute of Geographic Sciences and Natural Resources Research, Chinese Academy of
        Sciences, Beijing, China</subfield>
      </datafield>
      <datafield tag="245" ind1="1" ind2="3">
         <subfield code="a">An ensemble method to generate high-resolution gridded population data for
        China from digital footprint and ancillary geospatial data</subfield>
      </datafield>
      <datafield tag="506" ind1=" " ind2=" ">
         <subfield code="a">Creative Commons Attribution 4.0 Generic (CC BY-NC-ND 4.0)</subfield>
         <subfield code="u">http://creativecommons.org/licenses/by-nc-nd/4.0/</subfield>
         <subfield code="f">Unrestricted online access</subfield>
         <subfield code="2">star</subfield>
      </datafield>
      <datafield tag="506" ind1=" " ind2=" ">
         <subfield code="a">Resource is Open Access</subfield>
         <subfield code="u">http://purl.org/eprint/accessRights/OpenAccess</subfield>
         <subfield code="f">Unrestricted online access</subfield>
         <subfield code="2">star</subfield>
      </datafield>
      <datafield tag="520" ind1=" " ind2=" ">
         <subfield code="a">Fine-scale population datasets are essential to many health and development
        applications. Quite a few population estimate approaches have been proposed and multiple
        gridded population datasets have been produced. However, it is still a challenge to
        accurately estimate daily and even hourly population dynamics. In this study, we present an
        ensemble learning approach to tackle the challenge through integrating a digital footprint
        dataset and multiple geospatial ancillary datasets to estimate population dynamics. More
        specifically, we used the geographically weighted regression model to integrate two aspatial
        tree-based learning models and generated preliminary hourly and daily gridded population
        estimates. We then adjusted the fine-scale population estimates based on the county-level
        estimates and their nonlinear relationship with the grid-level covariates. After sufficient
        model training and parameter tuning, we produced a series 0.01-degree gridded population
        maps (FinePop) of China for 2018, including a nationwide daily-average map and provincial
        hourly-average maps. The FinePop is more accurate than the WorldPop and LandScan datasets,
        as suggested by the highest R² (0.72) obtained from the comparison against township-level
        population census data. The root mean squared error of the township population density
        estimates for FinePop, WorldPop, and LandScan are 3162, 3327, and 3423, respectively. The
        FinePop also shows its advantages in unraveling transportation networks and the
        diurnal-nocturnal population migration patterns in both small and large cities.</subfield>
      </datafield>
      <datafield tag="592" ind1=" " ind2=" ">
         <subfield code="a">Publisher supplied data</subfield>
      </datafield>
      <datafield tag="593" ind1=" " ind2=" ">
         <subfield code="a">PubAg article</subfield>
      </datafield>
      <datafield tag="650" ind1=" " ind2="3">
         <subfield code="a">census data</subfield>
      </datafield>
      <datafield tag="650" ind1=" " ind2="3">
         <subfield code="a">data collection</subfield>
      </datafield>
      <datafield tag="650" ind1=" " ind2="3">
         <subfield code="a">population density</subfield>
      </datafield>
      <datafield tag="650" ind1=" " ind2="3">
         <subfield code="a">population dynamics</subfield>
      </datafield>
      <datafield tag="650" ind1=" " ind2="3">
         <subfield code="a">regression analysis</subfield>
      </datafield>
      <datafield tag="650" ind1=" " ind2="3">
         <subfield code="a">spatial data</subfield>
      </datafield>
      <datafield tag="653" ind1=" " ind2="0">
         <subfield code="a">Dynamic population distribution</subfield>
      </datafield>
      <datafield tag="653" ind1=" " ind2="0">
         <subfield code="a">Digital footprint</subfield>
      </datafield>
      <datafield tag="653" ind1=" " ind2="0">
         <subfield code="a">Geospatial big data</subfield>
      </datafield>
      <datafield tag="653" ind1=" " ind2="0">
         <subfield code="a">Ensemble learning</subfield>
      </datafield>
      <datafield tag="653" ind1=" " ind2="0">
         <subfield code="a">Spatial dependence</subfield>
      </datafield>
      <datafield tag="700" ind1="1" ind2=" ">
         <subfield code="a">Liu, Zhang</subfield>
         <subfield code="e">author</subfield>
         <subfield code="u">State Key Laboratory of Resources and Environmental Information System,
        Institute of Geographic Sciences and Natural Resources Research, Chinese Academy of
        Sciences, Beijing, China</subfield>
      </datafield>
      <datafield tag="700" ind1="1" ind2=" ">
         <subfield code="a">Du, Yunyan</subfield>
         <subfield code="e">author</subfield>
         <subfield code="u">State Key Laboratory of Resources and Environmental Information System,
        Institute of Geographic Sciences and Natural Resources Research, Chinese Academy of
        Sciences, Beijing, China</subfield>
      </datafield>
      <datafield tag="700" ind1="1" ind2=" ">
         <subfield code="a">Yi, Jiawei</subfield>
         <subfield code="e">author</subfield>
         <subfield code="u">State Key Laboratory of Resources and Environmental Information System,
        Institute of Geographic Sciences and Natural Resources Research, Chinese Academy of
        Sciences, Beijing, China</subfield>
      </datafield>
      <datafield tag="700" ind1="1" ind2=" ">
         <subfield code="a">Liang, Fuyuan</subfield>
         <subfield code="e">author</subfield>
         <subfield code="u">Department of Earth, Atmospheric, and Geographic Information Sciences,
        Western Illinois University, Macomb, IL, USA</subfield>
      </datafield>
      <datafield tag="700" ind1="1" ind2=" ">
         <subfield code="a">Wang, Nan</subfield>
         <subfield code="e">author</subfield>
         <subfield code="u">State Key Laboratory of Resources and Environmental Information System,
        Institute of Geographic Sciences and Natural Resources Research, Chinese Academy of
        Sciences, Beijing, China</subfield>
      </datafield>
      <datafield tag="700" ind1="1" ind2=" ">
         <subfield code="a">Qian, Jiale</subfield>
         <subfield code="e">author</subfield>
         <subfield code="u">State Key Laboratory of Resources and Environmental Information System,
        Institute of Geographic Sciences and Natural Resources Research, Chinese Academy of
        Sciences, Beijing, China</subfield>
      </datafield>
      <datafield tag="700" ind1="1" ind2=" ">
         <subfield code="a">Huang, Sheng</subfield>
         <subfield code="e">author</subfield>
         <subfield code="u">State Key Laboratory of Resources and Environmental Information System,
        Institute of Geographic Sciences and Natural Resources Research, Chinese Academy of
        Sciences, Beijing, China</subfield>
      </datafield>
      <datafield tag="700" ind1="1" ind2=" ">
         <subfield code="a">Wang, Huimeng</subfield>
         <subfield code="e">author</subfield>
         <subfield code="u">School of Surveying and Geo-informatics, Shandong Jianzhu University,
        Ji'nan, China</subfield>
      </datafield>
      <datafield tag="773" ind1="0" ind2=" ">
         <subfield code="t">International journal of applied earth observation and
        geoinformation.</subfield>
         <subfield code="g">2022 Mar., v. 107 p.102709-</subfield>
         <subfield code="d">Elsevier B.V.</subfield>
         <subfield code="w">Journal:21448</subfield>
         <subfield code="x">1569-8432</subfield>
         <subfield code="7">nnas</subfield>
      </datafield>
      <datafield tag="787" ind1="1" ind2=" ">
         <subfield code="o">islandora_article_repository</subfield>
      </datafield>
      <datafield tag="787" ind1="1" ind2=" ">
         <subfield code="o">product_pubag</subfield>
      </datafield>
      <datafield tag="787" ind1="1" ind2=" ">
         <subfield code="o">(Journal)21448</subfield>
      </datafield>
      <datafield tag="856" ind1="4" ind2="0">
         <subfield code="u">https://dx.doi.org/10.1016/j.jag.2022.102709</subfield>
         <subfield code="3">Available from publisher's site</subfield>
      </datafield>
      <datafield tag="912" ind1=" " ind2=" ">
         <subfield code="a">Article</subfield>
      </datafield>
      <datafield tag="914" ind1=" " ind2=" ">
         <subfield code="a">Journal:21448</subfield>
         <subfield code="b">1569-8432</subfield>
         <subfield code="c">107</subfield>
         <subfield code="e">102709</subfield>
      </datafield>
      <datafield tag="914" ind1=" " ind2=" ">
         <subfield code="f">International journal of applied earth observation and
        geoinformation</subfield>
      </datafield>
      <datafield tag="917" ind1=" " ind2=" ">
         <subfield code="a">issued</subfield>
      </datafield>
      <datafield tag="918" ind1="2" ind2=" ">
         <subfield code="a">Elsevier Consyn</subfield>
         <subfield code="e">provider</subfield>
         <subfield code="5">DNAL</subfield>
      </datafield>
      <datafield tag="935" ind1=" " ind2=" ">
         <subfield code="a">IND607781353</subfield>
         <subfield code="9">ExL</subfield>
      </datafield>
      <datafield tag="949" ind1=" " ind2=" ">
         <subfield code="a">2022-05-23</subfield>
      </datafield>
      <datafield tag="953" ind1=" " ind2=" ">
         <subfield code="a">/data/metadata/incoming/consyn/152621049099972364-00007-HEAD-ONLY-NEW
        CONSYN ISSNS.zip</subfield>
      </datafield>
      <datafield tag="954" ind1=" " ind2=" ">
         <subfield code="a">file:/data/metadata/staging/consyn/S0303243422000356.xml</subfield>
      </datafield>
      <datafield tag="955" ind1=" " ind2=" ">
         <subfield code="a">/data/metadata/staging/consyn/</subfield>
      </datafield>
      <datafield tag="974" ind1=" " ind2=" ">
         <subfield code="a">agid:7781353</subfield>
      </datafield>
      <datafield tag="983" ind1=" " ind2=" ">
         <subfield code="a">2022-06-06</subfield>
      </datafield>
      <datafield tag="984" ind1=" " ind2=" ">
         <subfield code="a">2022-06-06</subfield>
      </datafield>
   </record>