
   <!--Record: 6-->
   <record>
      <leader>05650nab a2200733 u 4500</leader>
      <controlfield tag="001">9915865076607426</controlfield>
      <controlfield tag="005">20221119090158.0</controlfield>
      <controlfield tag="008">220523e20211215xx |||||o|||||||||||eng||</controlfield>
      <datafield tag="016" ind1="7" ind2=" ">
         <subfield code="a">IND607781251</subfield>
         <subfield code="2">DNAL</subfield>
      </datafield>
      <datafield tag="024" ind1="7" ind2=" ">
         <subfield code="a">10.1016/j.jag.2021.102583</subfield>
         <subfield code="2">doi</subfield>
      </datafield>
      <datafield tag="035" ind1=" " ind2=" ">
         <subfield code="a">agid:7781251-01nal_inst</subfield>
      </datafield>
      <datafield tag="040" ind1=" " ind2=" ">
         <subfield code="a">AGL</subfield>
         <subfield code="b">eng</subfield>
         <subfield code="c">AGL</subfield>
      </datafield>
      <datafield tag="100" ind1="1" ind2=" ">
         <subfield code="a">Li, Wang</subfield>
         <subfield code="e">author</subfield>
         <subfield code="u">Center for Biodiversity Dynamics in a Changing World (BIOCHANGE), Aarhus
        University, Ny Munkegade 114, 8000 Aarhus C, Denmark</subfield>
      </datafield>
      <datafield tag="245" ind1="1" ind2="0">
         <subfield code="a">Mapping spatio-temporal patterns in global tree cover heterogeneity: Links
        with forest degradation and recovery</subfield>
      </datafield>
      <datafield tag="506" ind1=" " ind2=" ">
         <subfield code="a">Creative Commons Attribution 4.0 Generic (CC BY-NC-ND 4.0)</subfield>
         <subfield code="u">http://creativecommons.org/licenses/by-nc-nd/4.0/</subfield>
         <subfield code="f">Unrestricted online access</subfield>
         <subfield code="2">star</subfield>
      </datafield>
      <datafield tag="506" ind1=" " ind2=" ">
         <subfield code="a">Resource is Open Access</subfield>
         <subfield code="u">http://purl.org/eprint/accessRights/OpenAccess</subfield>
         <subfield code="f">Unrestricted online access</subfield>
         <subfield code="2">star</subfield>
      </datafield>
      <datafield tag="520" ind1=" " ind2=" ">
         <subfield code="a">Tree cover, which has been widely studied using various remote sensing
        techniques, serves an essential indicator of forest productivity and habitat quality.
        Spatial heterogeneity in tree cover has received less attention despite links with critical
        phenomena such as biodiversity, tree re-expansion into formerly deforested areas, and
        degradation of existing forest landscapes. Few remote sensing studies have explored how tree
        cover heterogeneity varies across space and time, or how it may determine local or
        large-scale forest dynamics. This study used a global vegetation time-series product to map
        spatio-temporal dynamics in global tree cover heterogeneity over a 35-year period from 1982
        to 2016, with heterogeneity quantified using the diversity metric Rao’s Q. We first explored
        the underlying relationship between tree cover and its heterogeneity at landscape scale
        across the globe. We then investigated how tree cover heterogeneity varied across tree cover
        gradients, biogeographic biomes, stand history, land protection status, and forest landscape
        intact status. Finally, nine possible combinations of variation trends in tree cover and its
        heterogeneity were used to generate a new map of forest dynamics categories. Our results
        show that monotonic spatio-temporal changes in tree cover are not necessarily associated
        with changes in tree cover heterogeneity. This suggests that simply using variation trends
        of tree cover without considering the context of local spatial heterogeneity does not fully
        capture forest dynamics. We show that remotely sensed tree cover heterogeneity can easily
        distinguish tree plantations from primary and secondary forests and that temporal change in
        tree cover heterogeneity is sensitive to spatial heterogeneity of open forest landscapes.
        The new forest dynamics categories map captures ongoing woody expansion in the Sahel region,
        forest degradation in the Amazon and central Africa, and widespread forest regrowth in
        Europe and Asia. Thereby, it is clear that spatio-temporal variation in tree cover
        heterogeneity supplements existing remote sensing studies in depicting global forest
        degradation, succession, and recovery.</subfield>
      </datafield>
      <datafield tag="592" ind1=" " ind2=" ">
         <subfield code="a">Publisher supplied data</subfield>
      </datafield>
      <datafield tag="593" ind1=" " ind2=" ">
         <subfield code="a">PubAg article</subfield>
      </datafield>
      <datafield tag="650" ind1=" " ind2="3">
         <subfield code="a">Sahel</subfield>
      </datafield>
      <datafield tag="650" ind1=" " ind2="3">
         <subfield code="a">biodiversity</subfield>
      </datafield>
      <datafield tag="650" ind1=" " ind2="3">
         <subfield code="a">deforestation</subfield>
      </datafield>
      <datafield tag="650" ind1=" " ind2="3">
         <subfield code="a">forest dynamics</subfield>
      </datafield>
      <datafield tag="650" ind1=" " ind2="3">
         <subfield code="a">geographical distribution</subfield>
      </datafield>
      <datafield tag="650" ind1=" " ind2="3">
         <subfield code="a">habitats</subfield>
      </datafield>
      <datafield tag="650" ind1=" " ind2="3">
         <subfield code="a">landscapes</subfield>
      </datafield>
      <datafield tag="650" ind1=" " ind2="3">
         <subfield code="a">reforestation</subfield>
      </datafield>
      <datafield tag="650" ind1=" " ind2="3">
         <subfield code="a">remote sensing</subfield>
      </datafield>
      <datafield tag="650" ind1=" " ind2="3">
         <subfield code="a">spatial data</subfield>
      </datafield>
      <datafield tag="650" ind1=" " ind2="3">
         <subfield code="a">spatial variation</subfield>
      </datafield>
      <datafield tag="650" ind1=" " ind2="3">
         <subfield code="a">temporal variation</subfield>
      </datafield>
      <datafield tag="650" ind1=" " ind2="3">
         <subfield code="a">time series analysis</subfield>
      </datafield>
      <datafield tag="651" ind1=" " ind2="3">
         <subfield code="a">Asia</subfield>
      </datafield>
      <datafield tag="651" ind1=" " ind2="3">
         <subfield code="a">Central Africa</subfield>
      </datafield>
      <datafield tag="651" ind1=" " ind2="3">
         <subfield code="a">Europe</subfield>
      </datafield>
      <datafield tag="653" ind1=" " ind2="0">
         <subfield code="a">Satellite remote sensing</subfield>
      </datafield>
      <datafield tag="653" ind1=" " ind2="0">
         <subfield code="a">Tree cover heterogeneity</subfield>
      </datafield>
      <datafield tag="653" ind1=" " ind2="0">
         <subfield code="a">Rao’s Q diversity</subfield>
      </datafield>
      <datafield tag="653" ind1=" " ind2="0">
         <subfield code="a">Forest degradation</subfield>
      </datafield>
      <datafield tag="653" ind1=" " ind2="0">
         <subfield code="a">Woody expansion</subfield>
      </datafield>
      <datafield tag="700" ind1="1" ind2=" ">
         <subfield code="a">Guo, Wenyong</subfield>
         <subfield code="e">author</subfield>
         <subfield code="u">Center for Biodiversity Dynamics in a Changing World (BIOCHANGE), Aarhus
        University, Ny Munkegade 114, 8000 Aarhus C, Denmark</subfield>
      </datafield>
      <datafield tag="700" ind1="1" ind2=" ">
         <subfield code="a">Qin, Yuchu</subfield>
         <subfield code="e">author</subfield>
         <subfield code="u">State Key Laboratory of Remote Sensing Science, Aerospace Information
        Research Institute, Chinese Academy of Sciences, Beijing 100101, China</subfield>
      </datafield>
      <datafield tag="700" ind1="1" ind2=" ">
         <subfield code="a">Wang, Li</subfield>
         <subfield code="e">author</subfield>
         <subfield code="u">State Key Laboratory of Remote Sensing Science, Aerospace Information
        Research Institute, Chinese Academy of Sciences, Beijing 100101, China</subfield>
      </datafield>
      <datafield tag="700" ind1="1" ind2=" ">
         <subfield code="a">Niu, Zheng</subfield>
         <subfield code="e">author</subfield>
         <subfield code="u">State Key Laboratory of Remote Sensing Science, Aerospace Information
        Research Institute, Chinese Academy of Sciences, Beijing 100101, China</subfield>
      </datafield>
      <datafield tag="700" ind1="1" ind2=" ">
         <subfield code="a">Svenning, Jens-Christian</subfield>
         <subfield code="e">author</subfield>
         <subfield code="u">Center for Biodiversity Dynamics in a Changing World (BIOCHANGE), Aarhus
        University, Ny Munkegade 114, 8000 Aarhus C, Denmark</subfield>
      </datafield>
      <datafield tag="773" ind1="0" ind2=" ">
         <subfield code="t">International journal of applied earth observation and
        geoinformation.</subfield>
         <subfield code="g">2021 Dec. 15, v. 104 p.102583-</subfield>
         <subfield code="d">Elsevier B.V.</subfield>
         <subfield code="w">Journal:21448</subfield>
         <subfield code="x">1569-8432</subfield>
         <subfield code="7">nnas</subfield>
      </datafield>
      <datafield tag="787" ind1="1" ind2=" ">
         <subfield code="o">islandora_article_repository</subfield>
      </datafield>
      <datafield tag="787" ind1="1" ind2=" ">
         <subfield code="o">product_pubag</subfield>
      </datafield>
      <datafield tag="787" ind1="1" ind2=" ">
         <subfield code="o">(Journal)21448</subfield>
      </datafield>
      <datafield tag="856" ind1="4" ind2="0">
         <subfield code="u">http://dx.doi.org/10.1016/j.jag.2021.102583</subfield>
      </datafield>
      <datafield tag="912" ind1=" " ind2=" ">
         <subfield code="a">Article</subfield>
      </datafield>
      <datafield tag="914" ind1=" " ind2=" ">
         <subfield code="a">Journal:21448</subfield>
         <subfield code="b">1569-8432</subfield>
         <subfield code="c">104</subfield>
         <subfield code="e">102583</subfield>
      </datafield>
      <datafield tag="914" ind1=" " ind2=" ">
         <subfield code="f">International journal of applied earth observation and
        geoinformation</subfield>
      </datafield>
      <datafield tag="917" ind1=" " ind2=" ">
         <subfield code="a">issued</subfield>
      </datafield>
      <datafield tag="918" ind1="2" ind2=" ">
         <subfield code="a">Elsevier Consyn</subfield>
         <subfield code="e">provider</subfield>
         <subfield code="5">DNAL</subfield>
      </datafield>
      <datafield tag="935" ind1=" " ind2=" ">
         <subfield code="a">IND607781251</subfield>
         <subfield code="9">ExL</subfield>
      </datafield>
      <datafield tag="949" ind1=" " ind2=" ">
         <subfield code="a">2022-05-23</subfield>
      </datafield>
      <datafield tag="952" ind1=" " ind2=" ">
         <subfield code="d">NAL-AP-2-clean</subfield>
      </datafield>
      <datafield tag="953" ind1=" " ind2=" ">
         <subfield code="a">/data/metadata/incoming/consyn/175079966703713205-00005-HEAD-ONLY-NEW
        CONSYN ISSNS.zip</subfield>
      </datafield>
      <datafield tag="954" ind1=" " ind2=" ">
         <subfield code="a">file:/data/metadata/staging/consyn/S0303243421002907.xml</subfield>
      </datafield>
      <datafield tag="955" ind1=" " ind2=" ">
         <subfield code="a">/data/metadata/staging/consyn/</subfield>
      </datafield>
      <datafield tag="974" ind1=" " ind2=" ">
         <subfield code="a">agid:7781251</subfield>
      </datafield>
      <datafield tag="983" ind1=" " ind2=" ">
         <subfield code="a">2022-05-23</subfield>
      </datafield>
      <datafield tag="984" ind1=" " ind2=" ">
         <subfield code="a">2022-05-23</subfield>
      </datafield>
   </record>