
   <!--Record: 12-->
   <record>
      <leader>04943nab a2200733 u 4500</leader>
      <controlfield tag="001">9915866423007426</controlfield>
      <controlfield tag="005">20221119095828.0</controlfield>
      <controlfield tag="008">200824e201810 xx |||||o|||||||||||eng||</controlfield>
      <datafield tag="016" ind1="7" ind2=" ">
         <subfield code="a">IND606097248</subfield>
         <subfield code="2">DNAL</subfield>
      </datafield>
      <datafield tag="024" ind1="7" ind2=" ">
         <subfield code="a">10.1016/j.rse.2018.07.007</subfield>
         <subfield code="2">doi</subfield>
      </datafield>
      <datafield tag="035" ind1=" " ind2=" ">
         <subfield code="a">agid:6097248-01nal_inst</subfield>
      </datafield>
      <datafield tag="040" ind1=" " ind2=" ">
         <subfield code="a">AGL</subfield>
         <subfield code="b">eng</subfield>
         <subfield code="c">AGL</subfield>
      </datafield>
      <datafield tag="100" ind1="1" ind2=" ">
         <subfield code="a">Fagan, M.E.</subfield>
         <subfield code="e">author</subfield>
         <subfield code="u">University of Maryland, Baltimore County, Baltimore, MD 21250, United
        States of America</subfield>
      </datafield>
      <datafield tag="245" ind1="1" ind2="0">
         <subfield code="a">Mapping pine plantations in the southeastern U.S. using structural,
        spectral, and temporal remote sensing data</subfield>
      </datafield>
      <datafield tag="300" ind1=" " ind2=" ">
         <subfield code="a">p. 415-426.</subfield>
      </datafield>
      <datafield tag="520" ind1=" " ind2=" ">
         <subfield code="a">The southeastern U.S. produces the most industrial roundwood in the U.S.
        each year, largely from commercial pine plantations. The extent of plantation forests and
        management dynamics can be difficult to ascertain from periodic forest inventories, yet
        short-rotation tree plantations also present challenges for remote sensing. Here, we
        integrated spectral, temporal, and structural information from airborne and satellite
        platforms to distinguish pine plantations from natural forests and evaluate the contribution
        from planted forests to regional forest cover in the southeastern U.S. Within flight lines
        from NASA Goddard's Lidar, Hyperspectral, and Thermal (G-LiHT) Airborne Imager, lidar
        metrics of forest structure had the highest overall accuracy for pine plantations among
        single-source classifications (90%), but the combination of spectral and temporal metrics
        from Landsat generated comparable accuracy (91%). Combined structural, temporal, and
        spectral information from G-LiHT and Landsat had the highest accuracy for plantations (92%)
        and natural forests (88%). At a regional scale, classifications using Landsat spectral and
        temporal metrics had between 74 and 82% mean class accuracy for plantations. Regionally,
        plantations accounted for 28% of forest cover in the southeastern U.S., a result similar to
        plot-based estimates, albeit with greater spatial detail. Regional maps of plantation
        forests differed from existing map products, including the National Land Cover Database.
        Combining plantation extent in 2011 with Landsat-based forest change data identified strong
        regional gradients in plantation dynamics since 1985, with distinct spatial patterns of
        rotation age (east-west) and plantation expansion (interior). Our analysis demonstrates the
        potential to improve the characterization of dynamic land cover classes, including
        economically important timber plantations, by integrating diverse remote sensing datasets.
        Critically, multi-source remote sensing provides an approach to leverage periodic forest
        inventory data for annual monitoring of managed forest landscapes.</subfield>
      </datafield>
      <datafield tag="592" ind1=" " ind2=" ">
         <subfield code="a">Publisher supplied data</subfield>
      </datafield>
      <datafield tag="593" ind1=" " ind2=" ">
         <subfield code="a">PubAg article</subfield>
      </datafield>
      <datafield tag="650" ind1=" " ind2="3">
         <subfield code="a">Landsat</subfield>
      </datafield>
      <datafield tag="650" ind1=" " ind2="3">
         <subfield code="a">data collection</subfield>
      </datafield>
      <datafield tag="650" ind1=" " ind2="3">
         <subfield code="a">databases</subfield>
      </datafield>
      <datafield tag="650" ind1=" " ind2="3">
         <subfield code="a">forest inventory</subfield>
      </datafield>
      <datafield tag="650" ind1=" " ind2="3">
         <subfield code="a">forest plantations</subfield>
      </datafield>
      <datafield tag="650" ind1=" " ind2="3">
         <subfield code="a">forests</subfield>
      </datafield>
      <datafield tag="650" ind1=" " ind2="3">
         <subfield code="a">land cover</subfield>
      </datafield>
      <datafield tag="650" ind1=" " ind2="3">
         <subfield code="a">landscapes</subfield>
      </datafield>
      <datafield tag="650" ind1=" " ind2="3">
         <subfield code="a">lidar</subfield>
      </datafield>
      <datafield tag="650" ind1=" " ind2="3">
         <subfield code="a">monitoring</subfield>
      </datafield>
      <datafield tag="650" ind1=" " ind2="3">
         <subfield code="a">remote sensing</subfield>
      </datafield>
      <datafield tag="650" ind1=" " ind2="3">
         <subfield code="a">roundwood</subfield>
      </datafield>
      <datafield tag="650" ind1=" " ind2="3">
         <subfield code="a">spatial data</subfield>
      </datafield>
      <datafield tag="651" ind1=" " ind2="3">
         <subfield code="a">Southeastern United States</subfield>
      </datafield>
      <datafield tag="653" ind1=" " ind2="0">
         <subfield code="a">Plantations</subfield>
      </datafield>
      <datafield tag="653" ind1=" " ind2="0">
         <subfield code="a">Lidar</subfield>
      </datafield>
      <datafield tag="653" ind1=" " ind2="0">
         <subfield code="a">Forestry</subfield>
      </datafield>
      <datafield tag="653" ind1=" " ind2="0">
         <subfield code="a">Reforestation</subfield>
      </datafield>
      <datafield tag="653" ind1=" " ind2="0">
         <subfield code="a">G-LiHT</subfield>
      </datafield>
      <datafield tag="653" ind1=" " ind2="0">
         <subfield code="a">Landsat</subfield>
      </datafield>
      <datafield tag="653" ind1=" " ind2="0">
         <subfield code="a">Disturbance</subfield>
      </datafield>
      <datafield tag="700" ind1="1" ind2=" ">
         <subfield code="a">Morton, D.C.</subfield>
         <subfield code="e">author</subfield>
         <subfield code="u">NASA Goddard Space Flight Center, Greenbelt, MD 20771, United States of
        America</subfield>
      </datafield>
      <datafield tag="700" ind1="1" ind2=" ">
         <subfield code="a">Cook, B.D.</subfield>
         <subfield code="e">author</subfield>
         <subfield code="u">NASA Goddard Space Flight Center, Greenbelt, MD 20771, United States of
        America</subfield>
      </datafield>
      <datafield tag="700" ind1="1" ind2=" ">
         <subfield code="a">Masek, J.</subfield>
         <subfield code="e">author</subfield>
         <subfield code="u">NASA Goddard Space Flight Center, Greenbelt, MD 20771, United States of
        America</subfield>
      </datafield>
      <datafield tag="700" ind1="1" ind2=" ">
         <subfield code="a">Zhao, F.</subfield>
         <subfield code="e">author</subfield>
         <subfield code="u">University of Maryland, College Park, MD 20742, United States of
        America</subfield>
      </datafield>
      <datafield tag="700" ind1="1" ind2=" ">
         <subfield code="a">Nelson, R.F.</subfield>
         <subfield code="e">author</subfield>
         <subfield code="u">NASA Goddard Space Flight Center, Greenbelt, MD 20771, United States of
        America</subfield>
      </datafield>
      <datafield tag="700" ind1="1" ind2=" ">
         <subfield code="a">Huang, C.</subfield>
         <subfield code="e">author</subfield>
         <subfield code="u">University of Maryland, College Park, MD 20742, United States of
        America</subfield>
      </datafield>
      <datafield tag="773" ind1="0" ind2=" ">
         <subfield code="t">Remote sensing of environment.</subfield>
         <subfield code="g">2018 Oct., v. 216 p.415-426</subfield>
         <subfield code="d">Elsevier Inc.</subfield>
         <subfield code="a">Elsevier Inc.</subfield>
         <subfield code="w">Journal:11735</subfield>
         <subfield code="x">0034-4257</subfield>
         <subfield code="7">nnas</subfield>
      </datafield>
      <datafield tag="787" ind1="1" ind2=" ">
         <subfield code="o">islandora_article_repository</subfield>
      </datafield>
      <datafield tag="787" ind1="1" ind2=" ">
         <subfield code="o">product_pubag</subfield>
      </datafield>
      <datafield tag="787" ind1="1" ind2=" ">
         <subfield code="o">(Journal)11735</subfield>
      </datafield>
      <datafield tag="856" ind1="4" ind2="0">
         <subfield code="u">https://dx.doi.org/10.1016/j.rse.2018.07.007</subfield>
         <subfield code="3">Available from publisher's site</subfield>
      </datafield>
      <datafield tag="912" ind1=" " ind2=" ">
         <subfield code="a">Article</subfield>
      </datafield>
      <datafield tag="914" ind1=" " ind2=" ">
         <subfield code="a">Journal:11735</subfield>
         <subfield code="b">0034-4257</subfield>
         <subfield code="c">216</subfield>
         <subfield code="e">415</subfield>
      </datafield>
      <datafield tag="914" ind1=" " ind2=" ">
         <subfield code="f">Remote sensing of environment</subfield>
      </datafield>
      <datafield tag="916" ind1=" " ind2=" ">
         <subfield code="a">Batch:2059</subfield>
      </datafield>
      <datafield tag="917" ind1=" " ind2=" ">
         <subfield code="a">issued</subfield>
      </datafield>
      <datafield tag="918" ind1="2" ind2=" ">
         <subfield code="a">Elsevier Consyn</subfield>
         <subfield code="e">provider</subfield>
         <subfield code="5">DNAL</subfield>
      </datafield>
      <datafield tag="935" ind1=" " ind2=" ">
         <subfield code="a">IND606097248</subfield>
         <subfield code="9">ExL</subfield>
      </datafield>
      <datafield tag="949" ind1=" " ind2=" ">
         <subfield code="a">2019-06-13</subfield>
      </datafield>
      <datafield tag="953" ind1=" " ind2=" ">
         <subfield code="a">/data/metadata/incoming/consyn/922338326171813763-00001-HEAD-ONLY-NEW
        CONSYN ISSNS.zip</subfield>
      </datafield>
      <datafield tag="954" ind1=" " ind2=" ">
         <subfield code="a">file:/data/metadata/staging/consyn/S0034425718303341.xml</subfield>
      </datafield>
      <datafield tag="955" ind1=" " ind2=" ">
         <subfield code="a">/data/metadata/staging/consyn/</subfield>
      </datafield>
      <datafield tag="974" ind1=" " ind2=" ">
         <subfield code="a">agid:6097248</subfield>
      </datafield>
      <datafield tag="983" ind1=" " ind2=" ">
         <subfield code="a">2020-08-24</subfield>
      </datafield>
      <datafield tag="984" ind1=" " ind2=" ">
         <subfield code="a">2020-08-24</subfield>
      </datafield>
   </record>