
   <!--Record: 15-->
   <record>
      <leader>03727nab a2200481 u 4500</leader>
      <controlfield tag="001">9915866771507426</controlfield>
      <controlfield tag="005">20221119100235.0</controlfield>
      <controlfield tag="008">220703e202207 xx |||||o|||||||||||eng||</controlfield>
      <datafield tag="016" ind1="7" ind2=" ">
         <subfield code="a">IND607817964</subfield>
         <subfield code="2">DNAL</subfield>
      </datafield>
      <datafield tag="024" ind1="7" ind2=" ">
         <subfield code="a">10.1007/s10980-022-01452-6</subfield>
         <subfield code="2">doi</subfield>
      </datafield>
      <datafield tag="035" ind1=" " ind2=" ">
         <subfield code="a">agid:7817964-01nal_inst</subfield>
      </datafield>
      <datafield tag="040" ind1=" " ind2=" ">
         <subfield code="a">AGL</subfield>
         <subfield code="b">eng</subfield>
         <subfield code="c">AGL</subfield>
      </datafield>
      <datafield tag="100" ind1="1" ind2=" ">
         <subfield code="a">Etherington, Thomas R.</subfield>
         <subfield code="e">author</subfield>
         <subfield code="u">Manaaki Whenua – Landcare Research, Lincoln, 7608, New Zealand.
        etheringtont@landcareresearch.co.nz</subfield>
         <subfield code="1">https://orcid.org/0000-0002-3187-075X</subfield>
      </datafield>
      <datafield tag="245" ind1="1" ind2="0">
         <subfield code="a">Binary space partitioning generates hierarchical and rectilinear neutral
        landscape models suitable for human-dominated landscapes</subfield>
      </datafield>
      <datafield tag="300" ind1=" " ind2=" ">
         <subfield code="a">p. 1761-1769.</subfield>
      </datafield>
      <datafield tag="520" ind1=" " ind2=" ">
         <subfield code="a">CONTEXT: Neutral landscape models are useful and popular tools for
        exploring effects of spatial patterns on ecological processes. Most neutral landscape models
        mimic natural landscape patterns that often consist of curved, complex, and sometimes
        fractal shapes. However, human-dominated landscapes often have a spatial rectilinear pattern
        that is highly aligned and dominated by straight lines and right angles. OBJECTIVES: As
        existing rectilinear neutral landscape models lack controls over either the size, position,
        orientation, and shape of the rectilinear patches, or do not recognise the hierarchical
        structure of patch formation in human-dominated landscapes, our objective was to create a
        neutral landscape model capable of meeting these requirements. METHODS: We present binary
        space partitioning as a method that generates hierarchical and rectilinear neutral landscape
        models. In doing so we explain how to control the size, position, orientation, and shape of
        the rectilinear patches, as well as generate a tree that records the hierarchical patch
        structure. RESULTS: Binary space partitioning succeeds in providing a simple, repeatable,
        process to generate a range of neutral landscape models for human-dominated landscapes. A
        large variety of landscape patterns can be efficiently produced from only a very small
        number of parameters. CONCLUSIONS: Binary space partitioning based neutral landscape models
        would be useful in representing many human-dominated landscapes. Their implementation is
        straightforward and should be easily understood, used, and developed by landscape
        ecologists.</subfield>
      </datafield>
      <datafield tag="592" ind1=" " ind2=" ">
         <subfield code="a">Publisher supplied data</subfield>
      </datafield>
      <datafield tag="593" ind1=" " ind2=" ">
         <subfield code="a">PubAg article</subfield>
      </datafield>
      <datafield tag="650" ind1=" " ind2="3">
         <subfield code="a">landscape ecology</subfield>
      </datafield>
      <datafield tag="650" ind1=" " ind2="3">
         <subfield code="a">landscapes</subfield>
      </datafield>
      <datafield tag="650" ind1=" " ind2="3">
         <subfield code="a">trees</subfield>
      </datafield>
      <datafield tag="700" ind1="1" ind2=" ">
         <subfield code="a">Morgan, Fraser J.</subfield>
         <subfield code="e">author</subfield>
         <subfield code="u">Manaaki Whenua – Landcare Research, Auckland, 1072, New Zealand</subfield>
         <subfield code="1">https://orcid.org/0000-0002-7964-3361</subfield>
      </datafield>
      <datafield tag="700" ind1="1" ind2=" ">
         <subfield code="a">O’Sullivan, David</subfield>
         <subfield code="e">author</subfield>
         <subfield code="u">School of Geography, Environment and Earth Sciences, Te Herenga Waka –
        Victoria University of Wellington, Wellington, New Zealand</subfield>
         <subfield code="1">https://orcid.org/0000-0001-8078-3241</subfield>
      </datafield>
      <datafield tag="773" ind1="0" ind2=" ">
         <subfield code="t">Landscape ecology.</subfield>
         <subfield code="g">2022 July, v. 37, no. 7 p.1761-1769</subfield>
         <subfield code="d">Springer Netherlands</subfield>
         <subfield code="w">Journal:jnl3870067</subfield>
         <subfield code="x">0921-2973</subfield>
         <subfield code="7">nnas</subfield>
      </datafield>
      <datafield tag="787" ind1="1" ind2=" ">
         <subfield code="o">islandora_article_repository</subfield>
      </datafield>
      <datafield tag="787" ind1="1" ind2=" ">
         <subfield code="o">product_pubag</subfield>
      </datafield>
      <datafield tag="787" ind1="1" ind2=" ">
         <subfield code="o">(Journal)jnl3870067</subfield>
      </datafield>
      <datafield tag="856" ind1="4" ind2="0">
         <subfield code="u">https://dx.doi.org/10.1007/s10980-022-01452-6</subfield>
         <subfield code="3">Available from publisher's site</subfield>
      </datafield>
      <datafield tag="912" ind1=" " ind2=" ">
         <subfield code="a">Article</subfield>
      </datafield>
      <datafield tag="914" ind1=" " ind2=" ">
         <subfield code="a">Journal:jnl3870067</subfield>
         <subfield code="b">0921-2973</subfield>
         <subfield code="c">37</subfield>
         <subfield code="d">7</subfield>
         <subfield code="e">1761</subfield>
      </datafield>
      <datafield tag="914" ind1=" " ind2=" ">
         <subfield code="f">Landscape ecology</subfield>
      </datafield>
      <datafield tag="916" ind1=" " ind2=" ">
         <subfield code="a">Batch:10269</subfield>
      </datafield>
      <datafield tag="917" ind1=" " ind2=" ">
         <subfield code="a">issued</subfield>
      </datafield>
      <datafield tag="918" ind1="2" ind2=" ">
         <subfield code="a">Springer</subfield>
         <subfield code="e">provider</subfield>
         <subfield code="5">DNAL</subfield>
      </datafield>
      <datafield tag="935" ind1=" " ind2=" ">
         <subfield code="a">IND607817964</subfield>
         <subfield code="9">ExL</subfield>
      </datafield>
      <datafield tag="949" ind1=" " ind2=" ">
         <subfield code="a">2022-07-03</subfield>
      </datafield>
      <datafield tag="952" ind1=" " ind2=" ">
         <subfield code="d">NAL-AP-2-clean</subfield>
      </datafield>
      <datafield tag="953" ind1=" " ind2=" ">
         <subfield code="a">/data/metadata/incoming/springer/ftp_PUB_22-07-03_05-13-18.zip</subfield>
      </datafield>
      <datafield tag="954" ind1=" " ind2=" ">
         <subfield code="a">file:/data/metadata/staging/springer/10980-37-7.xml</subfield>
      </datafield>
      <datafield tag="955" ind1=" " ind2=" ">
         <subfield code="a">/data/metadata/staging/springer/</subfield>
      </datafield>
      <datafield tag="974" ind1=" " ind2=" ">
         <subfield code="a">agid:7817964</subfield>
      </datafield>
      <datafield tag="983" ind1=" " ind2=" ">
         <subfield code="a">2022-07-03</subfield>
      </datafield>
      <datafield tag="984" ind1=" " ind2=" ">
         <subfield code="a">2022-07-03</subfield>
      </datafield>
   </record>