
   <!--Record: 16-->
   <record>
      <leader>02624nab a2200457 u 4500</leader>
      <controlfield tag="001">9915866940907426</controlfield>
      <controlfield tag="005">20221119101346.0</controlfield>
      <controlfield tag="008">150808e20120424xx |||||o|||||||||||eng||</controlfield>
      <datafield tag="016" ind1="7" ind2=" ">
         <subfield code="a">IND44757895</subfield>
         <subfield code="2">DNAL</subfield>
      </datafield>
      <datafield tag="024" ind1="7" ind2=" ">
         <subfield code="a">10.1016/j.ecolmodel.2012.01.022</subfield>
         <subfield code="2">doi</subfield>
      </datafield>
      <datafield tag="035" ind1=" " ind2=" ">
         <subfield code="a">agid:397257-01nal_inst</subfield>
      </datafield>
      <datafield tag="040" ind1=" " ind2=" ">
         <subfield code="a">AGL</subfield>
         <subfield code="b">eng</subfield>
         <subfield code="c">AGL</subfield>
      </datafield>
      <datafield tag="100" ind1="1" ind2=" ">
         <subfield code="a">White, Denis</subfield>
         <subfield code="e">author</subfield>
         <subfield code="u">Oregon State University, 97331, Corvallis, OR, USA</subfield>
      </datafield>
      <datafield tag="245" ind1="1" ind2="0">
         <subfield code="a">Effects of stream topology on ecological community results from neutral
        models</subfield>
      </datafield>
      <datafield tag="300" ind1=" " ind2=" ">
         <subfield code="a">p. 20-24.</subfield>
      </datafield>
      <datafield tag="520" ind1=" " ind2=" ">
         <subfield code="a">While neutral theory and models have stimulated considerable literature,
        less well investigated is the effect of topology on neutral metacommunity model simulations.
        We implemented a neutral metacommunity model using two different stream network topologies,
        a widely branched network (wide tree) and a narrowly branched network (high tree), both
        represented as binary trees. The wide tree had fewer exceedances of carrying capacity,
        higher final number of individuals per community, and greater community (α) diversity than
        the high tree. The difference in diversity increased with increasing dispersal rate. We
        infer that the greater connectivity of the wide tree facilitated more even spatial
        dispersal, which limited carrying capacity exceedances and associated random deletions,
        which, in turn, resulted in higher diversity. Effects specifically due to topology should be
        considered in analyses of community patterns for mobile aquatic species.</subfield>
      </datafield>
      <datafield tag="592" ind1=" " ind2=" ">
         <subfield code="a">Publisher supplied data</subfield>
      </datafield>
      <datafield tag="593" ind1=" " ind2=" ">
         <subfield code="a">PubAg article</subfield>
      </datafield>
      <datafield tag="650" ind1=" " ind2="3">
         <subfield code="a">carrying capacity</subfield>
      </datafield>
      <datafield tag="650" ind1=" " ind2="3">
         <subfield code="a">simulation models</subfield>
      </datafield>
      <datafield tag="650" ind1=" " ind2="3">
         <subfield code="a">topology</subfield>
      </datafield>
      <datafield tag="700" ind1="1" ind2=" ">
         <subfield code="a">Rashleigh, Brenda</subfield>
         <subfield code="e">author</subfield>
         <subfield code="u">U.S. Environmental Protection Agency, 960 College Station Road, 30605,
        Athens, GA, USA</subfield>
      </datafield>
      <datafield tag="773" ind1="0" ind2=" ">
         <subfield code="t">Ecological modelling.</subfield>
         <subfield code="g">2012 Apr. 24, v. 231 p.20-24</subfield>
         <subfield code="d">Elsevier B.V.</subfield>
         <subfield code="x">0304-3800</subfield>
         <subfield code="7">nnas</subfield>
      </datafield>
      <datafield tag="787" ind1="1" ind2=" ">
         <subfield code="o">islandora_article_repository</subfield>
      </datafield>
      <datafield tag="787" ind1="1" ind2=" ">
         <subfield code="o">product_pubag</subfield>
      </datafield>
      <datafield tag="787" ind1="1" ind2=" ">
         <subfield code="o">(Journal)jnl6191</subfield>
      </datafield>
      <datafield tag="856" ind1="4" ind2="0">
         <subfield code="u">http://dx.doi.org/10.1016/j.ecolmodel.2012.01.022</subfield>
         <subfield code="3">Available from publisher's site</subfield>
      </datafield>
      <datafield tag="912" ind1=" " ind2=" ">
         <subfield code="a">Article</subfield>
      </datafield>
      <datafield tag="914" ind1=" " ind2=" ">
         <subfield code="a">Journal:jnl6191</subfield>
         <subfield code="b">0304-3800</subfield>
         <subfield code="c">231</subfield>
         <subfield code="e">20</subfield>
      </datafield>
      <datafield tag="914" ind1=" " ind2=" ">
         <subfield code="f">Ecological modelling</subfield>
      </datafield>
      <datafield tag="917" ind1=" " ind2=" ">
         <subfield code="a">issued</subfield>
      </datafield>
      <datafield tag="918" ind1="2" ind2=" ">
         <subfield code="a">Elsevier B.V.</subfield>
         <subfield code="e">provider</subfield>
         <subfield code="5">DNAL</subfield>
      </datafield>
      <datafield tag="935" ind1=" " ind2=" ">
         <subfield code="a">IND44757895</subfield>
         <subfield code="9">ExL</subfield>
      </datafield>
      <datafield tag="949" ind1=" " ind2=" ">
         <subfield code="a">2014-01-16</subfield>
      </datafield>
      <datafield tag="953" ind1=" " ind2=" ">
         <subfield code="a">NAL26410030438000231000C.xml</subfield>
      </datafield>
      <datafield tag="962" ind1=" " ind2=" ">
         <subfield code="a">Batch:412 annotated on 2013-12-19T15:41:02Z</subfield>
      </datafield>
      <datafield tag="962" ind1=" " ind2=" ">
         <subfield code="a">Batch:412 reviewed on 2014-01-16T04:00:03Z</subfield>
      </datafield>
      <datafield tag="962" ind1=" " ind2=" ">
         <subfield code="a">Batch:412 reviewed on 2014-01-16T16:00:03Z</subfield>
      </datafield>
      <datafield tag="974" ind1=" " ind2=" ">
         <subfield code="a">agid:397257</subfield>
      </datafield>
      <datafield tag="983" ind1=" " ind2=" ">
         <subfield code="a">2015-08-08</subfield>
      </datafield>
      <datafield tag="984" ind1=" " ind2=" ">
         <subfield code="a">2015-08-08</subfield>
      </datafield>
   </record>