
   <!--Record: 17-->
   <record>
      <leader>03942nab a2200709 u 4500</leader>
      <controlfield tag="001">9915867062907426</controlfield>
      <controlfield tag="005">20221119101531.0</controlfield>
      <controlfield tag="008">101105e20101115xx |||||o|||||||||||eng||</controlfield>
      <datafield tag="016" ind1="7" ind2=" ">
         <subfield code="a">IND44446254</subfield>
         <subfield code="2">DNAL</subfield>
      </datafield>
      <datafield tag="024" ind1="7" ind2=" ">
         <subfield code="a">10.1128/AEM.00831-10</subfield>
         <subfield code="2">doi</subfield>
      </datafield>
      <datafield tag="024" ind1="7" ind2=" ">
         <subfield code="a">PMC2976193</subfield>
         <subfield code="2">pmcid</subfield>
      </datafield>
      <datafield tag="024" ind1="7" ind2=" ">
         <subfield code="a">20851972</subfield>
         <subfield code="2">pmid</subfield>
      </datafield>
      <datafield tag="035" ind1=" " ind2=" ">
         <subfield code="a">agid:397216-01nal_inst</subfield>
      </datafield>
      <datafield tag="040" ind1=" " ind2=" ">
         <subfield code="a">AGL</subfield>
         <subfield code="b">eng</subfield>
         <subfield code="c">AGL</subfield>
      </datafield>
      <datafield tag="100" ind1="1" ind2=" ">
         <subfield code="a">Ge, Yuan</subfield>
      </datafield>
      <datafield tag="245" ind1="1" ind2="4">
         <subfield code="a">The Spatial Factor, Rather than Elevated CO₂, Controls the Soil Bacterial
        Community in a Temperate Forest Ecosystem</subfield>
      </datafield>
      <datafield tag="300" ind1=" " ind2=" ">
         <subfield code="a">p. 7429-7436.</subfield>
      </datafield>
      <datafield tag="500" ind1=" " ind2=" ">
         <subfield code="a">Includes references</subfield>
      </datafield>
      <datafield tag="506" ind1=" " ind2=" ">
         <subfield code="a">Resource is Open Access</subfield>
         <subfield code="u">http://purl.org/eprint/accessRights/OpenAccess</subfield>
         <subfield code="f">Unrestricted online access</subfield>
         <subfield code="2">star</subfield>
      </datafield>
      <datafield tag="520" ind1=" " ind2=" ">
         <subfield code="a">The global atmospheric carbon dioxide (CO₂) concentration is expected to
        increase continuously over the next century. However, little is known about the responses of
        soil bacterial communities to elevated CO₂ in terrestrial ecosystems. This study aimed to
        partition the relative influences of CO₂, nitrogen (N), and the spatial factor (different
        sampling plots) on soil bacterial communities at the free-air CO₂ enrichment research site
        in Duke Forest, North Carolina, by two independent techniques: an entirely sequencing-based
        approach and denaturing gradient gel electrophoresis. Multivariate regression tree analysis
        demonstrated that the spatial factor could explain more than 70% of the variation in soil
        bacterial diversity and 20% of the variation in community structure, while CO₂ or N
        treatment explains less than 3% of the variation. For the effects of soil environmental
        heterogeneity, the diversity estimates were distinguished mainly by the total soil N and C/N
        ratio. Bacterial diversity estimates were positively correlated with total soil N and
        negatively correlated with C/N ratio. There was no correlation between the overall bacterial
        community structures and the soil properties investigated. This study contributes to the
        information about the effects of elevated CO₂ and soil fertility on soil bacterial
        communities and the environmental factors shaping the distribution patterns of bacterial
        community diversity and structure in temperate forest soils.</subfield>
      </datafield>
      <datafield tag="593" ind1=" " ind2=" ">
         <subfield code="a">PubAg article</subfield>
      </datafield>
      <datafield tag="650" ind1=" " ind2="3">
         <subfield code="a">bacterial communities</subfield>
      </datafield>
      <datafield tag="650" ind1=" " ind2="3">
         <subfield code="a">carbon dioxide</subfield>
      </datafield>
      <datafield tag="650" ind1=" " ind2="3">
         <subfield code="a">community structure</subfield>
      </datafield>
      <datafield tag="650" ind1=" " ind2="3">
         <subfield code="a">correlation</subfield>
      </datafield>
      <datafield tag="650" ind1=" " ind2="3">
         <subfield code="a">denaturing gradient gel electrophoresis</subfield>
      </datafield>
      <datafield tag="650" ind1=" " ind2="3">
         <subfield code="a">environmental factors</subfield>
      </datafield>
      <datafield tag="650" ind1=" " ind2="3">
         <subfield code="a">forest communities</subfield>
      </datafield>
      <datafield tag="650" ind1=" " ind2="3">
         <subfield code="a">forest ecosystems</subfield>
      </datafield>
      <datafield tag="650" ind1=" " ind2="3">
         <subfield code="a">forests</subfield>
      </datafield>
      <datafield tag="650" ind1=" " ind2="3">
         <subfield code="a">nitrogen</subfield>
      </datafield>
      <datafield tag="650" ind1=" " ind2="3">
         <subfield code="a">nitrogen content</subfield>
      </datafield>
      <datafield tag="650" ind1=" " ind2="3">
         <subfield code="a">regression analysis</subfield>
      </datafield>
      <datafield tag="650" ind1=" " ind2="3">
         <subfield code="a">soil bacteria</subfield>
      </datafield>
      <datafield tag="650" ind1=" " ind2="3">
         <subfield code="a">soil ecology</subfield>
      </datafield>
      <datafield tag="650" ind1=" " ind2="3">
         <subfield code="a">soil fertility</subfield>
      </datafield>
      <datafield tag="650" ind1=" " ind2="3">
         <subfield code="a">soil heterogeneity</subfield>
      </datafield>
      <datafield tag="650" ind1=" " ind2="3">
         <subfield code="a">temperate soils</subfield>
      </datafield>
      <datafield tag="651" ind1=" " ind2="3">
         <subfield code="a">North Carolina</subfield>
      </datafield>
      <datafield tag="700" ind1="1" ind2=" ">
         <subfield code="a">Chen, Chengrong</subfield>
      </datafield>
      <datafield tag="700" ind1="1" ind2=" ">
         <subfield code="a">Xu, Zhihong</subfield>
      </datafield>
      <datafield tag="700" ind1="1" ind2=" ">
         <subfield code="a">Oren, Ram</subfield>
      </datafield>
      <datafield tag="700" ind1="1" ind2=" ">
         <subfield code="a">He, Ji-Zheng</subfield>
      </datafield>
      <datafield tag="773" ind1="0" ind2=" ">
         <subfield code="t">Applied and environmental microbiology.</subfield>
         <subfield code="g">2010 Nov. 15, v. 76, no. 22 p.7429-7436</subfield>
         <subfield code="d">American Society for Microbiology</subfield>
         <subfield code="x">0099-2240</subfield>
         <subfield code="7">nnas</subfield>
      </datafield>
      <datafield tag="787" ind1="1" ind2=" ">
         <subfield code="o">islandora_article_repository</subfield>
      </datafield>
      <datafield tag="787" ind1="1" ind2=" ">
         <subfield code="o">product_pubag</subfield>
      </datafield>
      <datafield tag="787" ind1="1" ind2=" ">
         <subfield code="o">(Journal)jnl7018</subfield>
      </datafield>
      <datafield tag="852" ind1=" " ind2=" ">
         <subfield code="a">DNAL</subfield>
      </datafield>
      <datafield tag="856" ind1="4" ind2="0">
         <subfield code="u">http://dx.doi.org/10.1128/AEM.00831-10</subfield>
         <subfield code="3">Available from publisher's Web site</subfield>
      </datafield>
      <datafield tag="912" ind1=" " ind2=" ">
         <subfield code="a">Article</subfield>
      </datafield>
      <datafield tag="914" ind1=" " ind2=" ">
         <subfield code="a">Journal:jnl7018</subfield>
         <subfield code="b">0099-2240</subfield>
         <subfield code="c">76</subfield>
         <subfield code="d">22</subfield>
         <subfield code="e">7429</subfield>
      </datafield>
      <datafield tag="914" ind1=" " ind2=" ">
         <subfield code="f">Applied and environmental microbiology</subfield>
      </datafield>
      <datafield tag="917" ind1=" " ind2=" ">
         <subfield code="a">issued</subfield>
      </datafield>
      <datafield tag="935" ind1=" " ind2=" ">
         <subfield code="a">IND44446254</subfield>
         <subfield code="9">ExL</subfield>
      </datafield>
      <datafield tag="949" ind1=" " ind2=" ">
         <subfield code="a">2020-05-12</subfield>
      </datafield>
      <datafield tag="962" ind1=" " ind2=" ">
         <subfield code="a">Batch:219 annotated on 2013-05-14T10:10:29Z</subfield>
      </datafield>
      <datafield tag="962" ind1=" " ind2=" ">
         <subfield code="a">Batch:219 reviewed on 2013-05-30T13:00:02Z</subfield>
      </datafield>
      <datafield tag="962" ind1=" " ind2=" ">
         <subfield code="a">Batch:219 reviewed on 2013-05-30T16:00:02Z</subfield>
      </datafield>
      <datafield tag="974" ind1=" " ind2=" ">
         <subfield code="a">agid:397216</subfield>
      </datafield>
      <datafield tag="984" ind1=" " ind2=" ">
         <subfield code="a">2010-11-05</subfield>
      </datafield>
      <datafield tag="985" ind1=" " ind2=" ">
         <subfield code="a">Converted from MARCXML to MODS version 3.4 using MARC21slim2MODS3-4.xsl
        (Revision 1.77 2012/03/23)</subfield>
      </datafield>
      <datafield tag="986" ind1=" " ind2=" ">
         <subfield code="a">4446254</subfield>
      </datafield>
   </record>