
   <!--Record: 25-->
   <record>
      <leader>04248nab a2200685 u 4500</leader>
      <controlfield tag="001">9915868889107426</controlfield>
      <controlfield tag="005">20221119062150.0</controlfield>
      <controlfield tag="008">180711e201807 xx |||||o|||||||||||eng||</controlfield>
      <datafield tag="016" ind1="7" ind2=" ">
         <subfield code="a">IND606028872</subfield>
         <subfield code="2">DNAL</subfield>
      </datafield>
      <datafield tag="024" ind1="7" ind2=" ">
         <subfield code="a">10.1007/s10980-018-0659-3</subfield>
         <subfield code="2">doi</subfield>
      </datafield>
      <datafield tag="035" ind1=" " ind2=" ">
         <subfield code="a">agid:6028872-01nal_inst</subfield>
      </datafield>
      <datafield tag="040" ind1=" " ind2=" ">
         <subfield code="a">AGL</subfield>
         <subfield code="b">eng</subfield>
         <subfield code="c">AGL</subfield>
      </datafield>
      <datafield tag="100" ind1="1" ind2=" ">
         <subfield code="a">Thalken, Marissa M.</subfield>
         <subfield code="e">author</subfield>
         <subfield code="u">Department of Forestry and Natural Resources, University of Kentucky,
        Lexington, KY, 40546-0073, USA</subfield>
      </datafield>
      <datafield tag="245" ind1="1" ind2="0">
         <subfield code="a">Landscape-scale distribution of tree roosts of the northern long-eared bat
        in Mammoth Cave National Park, USA</subfield>
      </datafield>
      <datafield tag="300" ind1=" " ind2=" ">
         <subfield code="a">p. 1103-1115.</subfield>
      </datafield>
      <datafield tag="520" ind1=" " ind2=" ">
         <subfield code="a">CONTEXT: The roosting habits of many temperate zone bats are well
        documented at microhabitat scales, but fewer studies have included multi-scale assessments
        of landscape patterns in bat roost site selection. OBJECTIVES: To identify and assess at the
        landscape-scale the location of spring and early season maternity roosts of female northern
        long-eared bats (Myotis septentrionalis) from 2015 to 2016 at Mammoth Cave National Park
        (MACA), Kentucky, USA. METHODS: We used mist-nets and radiotelemetry to catch and track bats
        to roost trees across the landscape of MACA. Data on roosting sites were evaluated using
        spatial point pattern analysis to examine distributional trends of roosts. A variety of
        spatial covariates were used to model the effect of landscape pattern, including: forest
        type, elevation, and proximity to hibernacula, water, and road corridors. RESULTS: Data
        indicate that roost locations of female northern long-eared bats in MACA were typically
        situated within 2000 m of known winter hibernacula, occurring more often at higher
        elevations in mesic upland deciduous forests, and in close proximity to water sources and
        roads. We present hypotheses to account for the patterns observed in relation to landscape
        features and habitat resources in the Park. CONCLUSIONS: Our data indicate that a more
        comprehensive understanding of habitat requirements which includes empirically-based,
        landscape-scale patterns, and not solely considerations at stand or local levels, could lead
        to better informed management policies targeting conservation of maternity habitat of
        forest-dwelling bats, including the northern long-eared bat, a species in decline throughout
        much of its distribution in North America.</subfield>
      </datafield>
      <datafield tag="592" ind1=" " ind2=" ">
         <subfield code="a">Publisher supplied data</subfield>
      </datafield>
      <datafield tag="593" ind1=" " ind2=" ">
         <subfield code="a">PubAg article</subfield>
      </datafield>
      <datafield tag="650" ind1=" " ind2="3">
         <subfield code="a">Lepidium meyenii</subfield>
      </datafield>
      <datafield tag="650" ind1=" " ind2="3">
         <subfield code="a">Myotis septentrionalis</subfield>
      </datafield>
      <datafield tag="650" ind1=" " ind2="3">
         <subfield code="a">altitude</subfield>
      </datafield>
      <datafield tag="650" ind1=" " ind2="3">
         <subfield code="a">deciduous forests</subfield>
      </datafield>
      <datafield tag="650" ind1=" " ind2="3">
         <subfield code="a">females</subfield>
      </datafield>
      <datafield tag="650" ind1=" " ind2="3">
         <subfield code="a">hibernation</subfield>
      </datafield>
      <datafield tag="650" ind1=" " ind2="3">
         <subfield code="a">highlands</subfield>
      </datafield>
      <datafield tag="650" ind1=" " ind2="3">
         <subfield code="a">issues and policy</subfield>
      </datafield>
      <datafield tag="650" ind1=" " ind2="3">
         <subfield code="a">landscapes</subfield>
      </datafield>
      <datafield tag="650" ind1=" " ind2="3">
         <subfield code="a">microhabitats</subfield>
      </datafield>
      <datafield tag="650" ind1=" " ind2="3">
         <subfield code="a">models</subfield>
      </datafield>
      <datafield tag="650" ind1=" " ind2="3">
         <subfield code="a">national parks</subfield>
      </datafield>
      <datafield tag="650" ind1=" " ind2="3">
         <subfield code="a">radio telemetry</subfield>
      </datafield>
      <datafield tag="650" ind1=" " ind2="3">
         <subfield code="a">roads</subfield>
      </datafield>
      <datafield tag="650" ind1=" " ind2="3">
         <subfield code="a">roosting behavior</subfield>
      </datafield>
      <datafield tag="650" ind1=" " ind2="3">
         <subfield code="a">spring</subfield>
      </datafield>
      <datafield tag="650" ind1=" " ind2="3">
         <subfield code="a">temperate zones</subfield>
      </datafield>
      <datafield tag="650" ind1=" " ind2="3">
         <subfield code="a">trees</subfield>
      </datafield>
      <datafield tag="650" ind1=" " ind2="3">
         <subfield code="a">winter</subfield>
      </datafield>
      <datafield tag="651" ind1=" " ind2="3">
         <subfield code="a">Kentucky</subfield>
      </datafield>
      <datafield tag="700" ind1="1" ind2=" ">
         <subfield code="a">Lacki, Michael J.</subfield>
         <subfield code="e">author</subfield>
         <subfield code="u">Department of Forestry and Natural Resources, University of Kentucky,
        Lexington, KY, 40546-0073, USA. mlacki@uky.edu</subfield>
         <subfield code="1">https://orcid.org/0000-0002-9588-7366</subfield>
      </datafield>
      <datafield tag="700" ind1="1" ind2=" ">
         <subfield code="a">Yang, Jian</subfield>
         <subfield code="e">author</subfield>
         <subfield code="u">Department of Forestry and Natural Resources, University of Kentucky,
        Lexington, KY, 40546-0073, USA</subfield>
      </datafield>
      <datafield tag="773" ind1="0" ind2=" ">
         <subfield code="t">Landscape ecology.</subfield>
         <subfield code="g">2018 July, v. 33, no. 7 p.1103-1115</subfield>
         <subfield code="d">Springer Netherlands</subfield>
         <subfield code="w">Journal:jnl3870067</subfield>
         <subfield code="x">0921-2973</subfield>
         <subfield code="7">nnas</subfield>
      </datafield>
      <datafield tag="787" ind1="1" ind2=" ">
         <subfield code="o">islandora_article_repository</subfield>
      </datafield>
      <datafield tag="787" ind1="1" ind2=" ">
         <subfield code="o">product_pubag</subfield>
      </datafield>
      <datafield tag="787" ind1="1" ind2=" ">
         <subfield code="o">(Journal)jnl3870067</subfield>
      </datafield>
      <datafield tag="856" ind1="4" ind2="0">
         <subfield code="u">http://dx.doi.org/10.1007/s10980-018-0659-3</subfield>
         <subfield code="3">Available from publisher's site</subfield>
      </datafield>
      <datafield tag="912" ind1=" " ind2=" ">
         <subfield code="a">Article</subfield>
      </datafield>
      <datafield tag="914" ind1=" " ind2=" ">
         <subfield code="a">Journal:jnl3870067</subfield>
         <subfield code="b">0921-2973</subfield>
         <subfield code="c">33</subfield>
         <subfield code="d">7</subfield>
         <subfield code="e">1103</subfield>
      </datafield>
      <datafield tag="914" ind1=" " ind2=" ">
         <subfield code="f">Landscape ecology</subfield>
      </datafield>
      <datafield tag="916" ind1=" " ind2=" ">
         <subfield code="a">Batch:2099</subfield>
      </datafield>
      <datafield tag="917" ind1=" " ind2=" ">
         <subfield code="a">issued</subfield>
      </datafield>
      <datafield tag="918" ind1="2" ind2=" ">
         <subfield code="a">Springer</subfield>
         <subfield code="e">provider</subfield>
         <subfield code="5">DNAL</subfield>
      </datafield>
      <datafield tag="935" ind1=" " ind2=" ">
         <subfield code="a">IND606028872</subfield>
         <subfield code="9">ExL</subfield>
      </datafield>
      <datafield tag="949" ind1=" " ind2=" ">
         <subfield code="a">2018-11-29</subfield>
      </datafield>
      <datafield tag="953" ind1=" " ind2=" ">
         <subfield code="a">/data/metadata/incoming/springer/ftp_PUB_18-07-10_08-52-57.zip</subfield>
      </datafield>
      <datafield tag="954" ind1=" " ind2=" ">
         <subfield code="a">file:/data/metadata/staging/springer/10980-33-7.xml</subfield>
      </datafield>
      <datafield tag="955" ind1=" " ind2=" ">
         <subfield code="a">/data/metadata/staging/springer/</subfield>
      </datafield>
      <datafield tag="962" ind1=" " ind2=" ">
         <subfield code="a">Batch:2099 reviewed on 2018-11-29T16:00:02Z</subfield>
      </datafield>
      <datafield tag="974" ind1=" " ind2=" ">
         <subfield code="a">agid:6028872</subfield>
      </datafield>
      <datafield tag="983" ind1=" " ind2=" ">
         <subfield code="a">2018-07-11</subfield>
      </datafield>
      <datafield tag="984" ind1=" " ind2=" ">
         <subfield code="a">2018-11-29</subfield>
      </datafield>
   </record>