
   <!--Record: 28-->
   <record>
      <leader>03814nab a2200625 u 4500</leader>
      <controlfield tag="001">9915869563207426</controlfield>
      <controlfield tag="005">20221119065803.0</controlfield>
      <controlfield tag="008">191228e200911 xx |||||o|||||||||||eng||</controlfield>
      <datafield tag="016" ind1="7" ind2=" ">
         <subfield code="a">IND44285229</subfield>
         <subfield code="2">DNAL</subfield>
      </datafield>
      <datafield tag="024" ind1="7" ind2=" ">
         <subfield code="a">10.2136/sssaj2008.0336</subfield>
         <subfield code="2">doi</subfield>
      </datafield>
      <datafield tag="035" ind1=" " ind2=" ">
         <subfield code="a">agid:769710-01nal_inst</subfield>
      </datafield>
      <datafield tag="040" ind1=" " ind2=" ">
         <subfield code="a">AGL</subfield>
         <subfield code="b">eng</subfield>
         <subfield code="c">AGL</subfield>
      </datafield>
      <datafield tag="100" ind1="1" ind2=" ">
         <subfield code="a">Bedison, James E.</subfield>
         <subfield code="e">author</subfield>
      </datafield>
      <datafield tag="245" ind1="1" ind2="0">
         <subfield code="a">Controls on the Spatial Patterns of Carbon and Nitrogen in Adirondack
        Forest Soils along a Gradient of Nitrogen Deposition</subfield>
      </datafield>
      <datafield tag="300" ind1=" " ind2=" ">
         <subfield code="a">p. 2105-2117.</subfield>
      </datafield>
      <datafield tag="500" ind1=" " ind2=" ">
         <subfield code="a">epub</subfield>
      </datafield>
      <datafield tag="520" ind1=" " ind2=" ">
         <subfield code="a">We sampled 42 permanent vegetation plots in the Adirondack Mountains, NY to
        characterize the spatial patterns of, and controls on soil C and N contents. Average C (24
        kg m⁻²) and N (1.1 kg m⁻²) contents of the combined organic and mineral horizons were high
        for northeastern U.S. forests. Contrary to our expectations, whole-profile C and N amounts
        were not different among northern hardwood (NH), spruce-fir (SF), and pine-dominated (PW)
        plots. Most of the C and N were stored in organic horizons in the high-elevation SF plots,
        and in the mineral horizons in NH and PW plots. Regression analyses of the pooled set of
        sites revealed that the factors that explained the most variability in soil C and N contents
        were different for organic and mineral horizons and differed between forest types. Overall,
        growing season degree-days (GSDD) was the variable most closely correlated with C and N
        contents in both organic and mineral horizons, and varying combinations of N deposition,
        conifer importance, and soil texture were the principal secondary influences. Spruce-fir
        plots received the most atmospheric N deposition, and multivariate regression tree (MRT)
        analysis indicated that N deposition rate was the environmental variable that explained the
        most variation in organic horizon C (sums of squares [SS] explained = 54%) and N (79% SS
        explained) amounts in these high-elevation stands. However, even in the unlikely case of
        100% retention of the atmospheric inputs of N deposited over the past 50 yr, this source
        only accounted for a small portion of soil N, and the differences in N among the plots along
        the deposition gradient. It is likely that differences in GSDD accounted for most of the
        differences in C and N amounts.</subfield>
      </datafield>
      <datafield tag="592" ind1=" " ind2=" ">
         <subfield code="a">Publisher supplied data</subfield>
      </datafield>
      <datafield tag="593" ind1=" " ind2=" ">
         <subfield code="a">PubAg article</subfield>
      </datafield>
      <datafield tag="650" ind1=" " ind2="3">
         <subfield code="a">atmospheric deposition</subfield>
      </datafield>
      <datafield tag="650" ind1=" " ind2="3">
         <subfield code="a">soil organic carbon</subfield>
      </datafield>
      <datafield tag="650" ind1=" " ind2="3">
         <subfield code="a">forest trees</subfield>
      </datafield>
      <datafield tag="650" ind1=" " ind2="3">
         <subfield code="a">nitrogen</subfield>
      </datafield>
      <datafield tag="650" ind1=" " ind2="3">
         <subfield code="a">temperate forests</subfield>
      </datafield>
      <datafield tag="650" ind1=" " ind2="3">
         <subfield code="a">spatial distribution</subfield>
      </datafield>
      <datafield tag="650" ind1=" " ind2="3">
         <subfield code="a">mineral soils</subfield>
      </datafield>
      <datafield tag="650" ind1=" " ind2="3">
         <subfield code="a">botanical composition</subfield>
      </datafield>
      <datafield tag="650" ind1=" " ind2="3">
         <subfield code="a">organic horizons</subfield>
      </datafield>
      <datafield tag="650" ind1=" " ind2="3">
         <subfield code="a">growing season</subfield>
      </datafield>
      <datafield tag="650" ind1=" " ind2="3">
         <subfield code="a">soil fertility</subfield>
      </datafield>
      <datafield tag="650" ind1=" " ind2="3">
         <subfield code="a">spatial variation</subfield>
      </datafield>
      <datafield tag="650" ind1=" " ind2="3">
         <subfield code="a">soil texture</subfield>
      </datafield>
      <datafield tag="650" ind1=" " ind2="3">
         <subfield code="a">heat sums</subfield>
      </datafield>
      <datafield tag="651" ind1=" " ind2="3">
         <subfield code="a">New York</subfield>
      </datafield>
      <datafield tag="700" ind1="1" ind2=" ">
         <subfield code="a">Johnson, Arthur H.</subfield>
         <subfield code="e">author</subfield>
      </datafield>
      <datafield tag="773" ind1="0" ind2=" ">
         <subfield code="t">Soil Science Society of America journal.</subfield>
         <subfield code="g">2009 Nov., v. 73, no. 6 p.2105-2117</subfield>
         <subfield code="d">Soil Science Society</subfield>
         <subfield code="w">Journal:jnl44580</subfield>
         <subfield code="x">0361-5995</subfield>
         <subfield code="7">nnas</subfield>
      </datafield>
      <datafield tag="787" ind1="1" ind2=" ">
         <subfield code="o">islandora_article_repository</subfield>
      </datafield>
      <datafield tag="787" ind1="1" ind2=" ">
         <subfield code="o">product_pubag</subfield>
      </datafield>
      <datafield tag="787" ind1="1" ind2=" ">
         <subfield code="o">(Journal)jnl44580</subfield>
      </datafield>
      <datafield tag="852" ind1=" " ind2=" ">
         <subfield code="a">DNAL</subfield>
      </datafield>
      <datafield tag="856" ind1="4" ind2="0">
         <subfield code="u">https://dx.doi.org/10.2136/sssaj2008.0336</subfield>
         <subfield code="3">Available from publisher's site</subfield>
      </datafield>
      <datafield tag="912" ind1=" " ind2=" ">
         <subfield code="a">Article</subfield>
      </datafield>
      <datafield tag="914" ind1=" " ind2=" ">
         <subfield code="a">Journal:jnl44580</subfield>
         <subfield code="b">0361-5995</subfield>
         <subfield code="c">73</subfield>
         <subfield code="d">6</subfield>
         <subfield code="e">2105</subfield>
      </datafield>
      <datafield tag="914" ind1=" " ind2=" ">
         <subfield code="f">Soil Science Society of America journal</subfield>
      </datafield>
      <datafield tag="917" ind1=" " ind2=" ">
         <subfield code="a">issued</subfield>
      </datafield>
      <datafield tag="918" ind1="2" ind2=" ">
         <subfield code="a">ACSESS</subfield>
         <subfield code="e">provider</subfield>
         <subfield code="5">DNAL</subfield>
      </datafield>
      <datafield tag="935" ind1=" " ind2=" ">
         <subfield code="a">IND44285229</subfield>
         <subfield code="9">ExL</subfield>
      </datafield>
      <datafield tag="949" ind1=" " ind2=" ">
         <subfield code="a">2019-09-19</subfield>
      </datafield>
      <datafield tag="953" ind1=" " ind2=" ">
         <subfield code="a">/data/metadata/incoming/acsess_backfiles/sssaj_fixed.xml</subfield>
      </datafield>
      <datafield tag="954" ind1=" " ind2=" ">
         <subfield code="a">file:/data/metadata/staging/acsess_backfiles/sssaj_fixed.xml</subfield>
      </datafield>
      <datafield tag="955" ind1=" " ind2=" ">
         <subfield code="a">/data/metadata/staging/acsess_backfiles/</subfield>
      </datafield>
      <datafield tag="974" ind1=" " ind2=" ">
         <subfield code="a">agid:769710</subfield>
      </datafield>
      <datafield tag="983" ind1=" " ind2=" ">
         <subfield code="a">2019-12-28</subfield>
      </datafield>
      <datafield tag="984" ind1=" " ind2=" ">
         <subfield code="a">2019-12-28</subfield>
      </datafield>
      <datafield tag="986" ind1=" " ind2=" ">
         <subfield code="a">4285229</subfield>
      </datafield>
   </record>