
   <!--Record: 29-->
   <record>
      <leader>03703nab a2200553 u 4500</leader>
      <controlfield tag="001">9915869781507426</controlfield>
      <controlfield tag="005">20221119065939.0</controlfield>
      <controlfield tag="008">151031e200708 xx |||||o|||||||||||eng||</controlfield>
      <datafield tag="016" ind1="7" ind2=" ">
         <subfield code="a">IND604493551</subfield>
         <subfield code="2">DNAL</subfield>
      </datafield>
      <datafield tag="024" ind1="7" ind2=" ">
         <subfield code="a">10.1658/1402-2001(2007)10[151:TSRBPR]2.0.CO;2</subfield>
         <subfield code="2">doi</subfield>
      </datafield>
      <datafield tag="035" ind1=" " ind2=" ">
         <subfield code="a">agid:4493551-01nal_inst</subfield>
      </datafield>
      <datafield tag="040" ind1=" " ind2=" ">
         <subfield code="a">AGL</subfield>
         <subfield code="b">eng</subfield>
         <subfield code="c">AGL</subfield>
      </datafield>
      <datafield tag="100" ind1="1" ind2=" ">
         <subfield code="a">Montes, F.</subfield>
         <subfield code="e">author</subfield>
         <subfield code="u">CIFOR-INIA, Ctra. A coruña km 7.5, ES-28040 Madrid, Spain</subfield>
      </datafield>
      <datafield tag="245" ind1="1" ind2="4">
         <subfield code="a">The spatial relationship between post-crop remaining trees and the
        establishment of saplings in Pinus sylvestris stands in Spain</subfield>
      </datafield>
      <datafield tag="300" ind1=" " ind2=" ">
         <subfield code="a">p. 151-160.</subfield>
      </datafield>
      <datafield tag="520" ind1=" " ind2=" ">
         <subfield code="a">Question: What is the spatial relationship between remaining trees and the
        establishment and development of recruited saplings?Location: The Pinus sylvestris forest
        Pinar de Valsaíín, in the Sistema mountain range (central Spain).Methods: Three 0.5 ha plots
        have been analysed. The saplings were located in a 2 m ×× 2 m grid, characterizing their
        spatial pattern through a nested ANOVA. The spatial pattern of stems was analysed using the
        L(d) function. To analyse the spatial relationship between stems belonging to different
        cohorts, the intertype Lᵣₛ(d) function was used. Finally a new function Kᵣₓ(d) is presented
        as a method to analyse the relationship between the spatial distribution of stems and the
        sapling density (a sampled continuous variable).Results: The mother trees show cluster
        pattern at scales of ca. 12 m - 22 m, leading to a spatial pattern at 14 m - 16 m for the
        saplings during the regeneration period. At the beginning of the shelter phase, saplings
        less than 1.30 m in height show spatial repulsion from the old crop at distances above 10 m,
        whereas taller saplings show repulsion at shorter distances, due to the suppression of
        sapling development near the mother trees. At the end of the regeneration period, saplings
        &lt; 1.30 m appear under the last remaining mother tree canopies.Conclusions: In the stands
        analysed, located at the southern limit of Pinus sylvestris distribution, this species
        behaves as half-shade tolerant. This study shows that the Kᵣₓ(d) function might be widely
        applied to analyse the relationship between patterns that occur at different scales or
        between a point pattern and a continuous variable, being a useful tool for analysing some
        forest processes.</subfield>
      </datafield>
      <datafield tag="592" ind1=" " ind2=" ">
         <subfield code="a">Publisher supplied data</subfield>
      </datafield>
      <datafield tag="593" ind1=" " ind2=" ">
         <subfield code="a">PubAg article</subfield>
      </datafield>
      <datafield tag="650" ind1=" " ind2="3">
         <subfield code="a">Pinus sylvestris</subfield>
      </datafield>
      <datafield tag="650" ind1=" " ind2="3">
         <subfield code="a">analysis of variance</subfield>
      </datafield>
      <datafield tag="650" ind1=" " ind2="3">
         <subfield code="a">forests</subfield>
      </datafield>
      <datafield tag="650" ind1=" " ind2="3">
         <subfield code="a">saplings</subfield>
      </datafield>
      <datafield tag="650" ind1=" " ind2="3">
         <subfield code="a">seed trees</subfield>
      </datafield>
      <datafield tag="650" ind1=" " ind2="3">
         <subfield code="a">spatial distribution</subfield>
      </datafield>
      <datafield tag="650" ind1=" " ind2="3">
         <subfield code="a">stems</subfield>
      </datafield>
      <datafield tag="651" ind1=" " ind2="3">
         <subfield code="a">Spain</subfield>
      </datafield>
      <datafield tag="653" ind1=" " ind2="0">
         <subfield code="a">Forest regeneration</subfield>
      </datafield>
      <datafield tag="653" ind1=" " ind2="0">
         <subfield code="a">Forest structure</subfield>
      </datafield>
      <datafield tag="653" ind1=" " ind2="0">
         <subfield code="a">Scots pine</subfield>
      </datafield>
      <datafield tag="653" ind1=" " ind2="0">
         <subfield code="a">Spatial pattern</subfield>
      </datafield>
      <datafield tag="700" ind1="1" ind2=" ">
         <subfield code="a">Cañellas, I.</subfield>
         <subfield code="e">author</subfield>
         <subfield code="u">CIFOR-INIA, Ctra. A coruña km 7.5, ES-28040 Madrid, Spain</subfield>
      </datafield>
      <datafield tag="773" ind1="0" ind2=" ">
         <subfield code="t">Applied vegetation science.</subfield>
         <subfield code="g">2007 Aug., v. 10, no. 2 p.151-160</subfield>
         <subfield code="d">IAVS; Opulus Press Uppsala</subfield>
         <subfield code="x">1402-2001</subfield>
         <subfield code="7">nnas</subfield>
      </datafield>
      <datafield tag="787" ind1="1" ind2=" ">
         <subfield code="o">islandora_article_repository</subfield>
      </datafield>
      <datafield tag="787" ind1="1" ind2=" ">
         <subfield code="o">product_pubag</subfield>
      </datafield>
      <datafield tag="787" ind1="1" ind2=" ">
         <subfield code="o">(Journal)jnl58701</subfield>
      </datafield>
      <datafield tag="856" ind1="4" ind2="0">
         <subfield code="u">http://dx.doi.org/10.1658%2F1402-2001%282007%2910%5B151%3ATSRBPR%5D2.0.CO%3B2</subfield>
         <subfield code="3">Available from publisher's site</subfield>
      </datafield>
      <datafield tag="912" ind1=" " ind2=" ">
         <subfield code="a">Article</subfield>
      </datafield>
      <datafield tag="914" ind1=" " ind2=" ">
         <subfield code="a">Journal:jnl58701</subfield>
         <subfield code="b">1402-2001</subfield>
         <subfield code="c">10</subfield>
         <subfield code="d">2</subfield>
         <subfield code="e">151</subfield>
      </datafield>
      <datafield tag="914" ind1=" " ind2=" ">
         <subfield code="f">Applied vegetation science</subfield>
      </datafield>
      <datafield tag="916" ind1=" " ind2=" ">
         <subfield code="a">Batch:1151</subfield>
      </datafield>
      <datafield tag="917" ind1=" " ind2=" ">
         <subfield code="a">issued</subfield>
      </datafield>
      <datafield tag="918" ind1="2" ind2=" ">
         <subfield code="a">BioOne</subfield>
         <subfield code="e">provider</subfield>
         <subfield code="5">DNAL</subfield>
      </datafield>
      <datafield tag="935" ind1=" " ind2=" ">
         <subfield code="a">IND604493551</subfield>
         <subfield code="9">ExL</subfield>
      </datafield>
      <datafield tag="949" ind1=" " ind2=" ">
         <subfield code="a">2015-12-17</subfield>
      </datafield>
      <datafield tag="953" ind1=" " ind2=" ">
         <subfield code="a">APVEv10i2-04281255-169810.zip</subfield>
      </datafield>
      <datafield tag="962" ind1=" " ind2=" ">
         <subfield code="a">Batch:1151 reviewed on 2015-12-17T04:00:02Z</subfield>
      </datafield>
      <datafield tag="974" ind1=" " ind2=" ">
         <subfield code="a">agid:4493551</subfield>
      </datafield>
      <datafield tag="983" ind1=" " ind2=" ">
         <subfield code="a">2015-10-31</subfield>
      </datafield>
      <datafield tag="984" ind1=" " ind2=" ">
         <subfield code="a">2015-12-17</subfield>
      </datafield>
   </record>