
   <!--Record: 30-->
   <record>
      <leader>03492nab a2200637 u 4500</leader>
      <controlfield tag="001">9915869835307426</controlfield>
      <controlfield tag="005">20221119065722.0</controlfield>
      <controlfield tag="008">220826e20220821xx |||||o|||||||||||eng||</controlfield>
      <datafield tag="016" ind1="7" ind2=" ">
         <subfield code="a">IND607910850</subfield>
         <subfield code="2">DNAL</subfield>
      </datafield>
      <datafield tag="024" ind1="7" ind2=" ">
         <subfield code="a">10.3390/plants11162171</subfield>
         <subfield code="2">doi</subfield>
      </datafield>
      <datafield tag="035" ind1=" " ind2=" ">
         <subfield code="a">agid:7910850-01nal_inst</subfield>
      </datafield>
      <datafield tag="040" ind1=" " ind2=" ">
         <subfield code="a">AGL</subfield>
         <subfield code="b">eng</subfield>
         <subfield code="c">AGL</subfield>
      </datafield>
      <datafield tag="100" ind1="1" ind2=" ">
         <subfield code="a">Wang, Xianxian </subfield>
         <subfield code="e">author</subfield>
      </datafield>
      <datafield tag="245" ind1="1" ind2="0">
         <subfield code="a">Climatic Factors Determine the Distribution Patterns of Leaf Nutrient
        Traits at Large Scales</subfield>
      </datafield>
      <datafield tag="520" ind1=" " ind2=" ">
         <subfield code="a">Leaf nutrient content and its stoichiometric relationships (N/P ratio) are
        essential for photosynthesis and plant growth and development. Previous studies on leaf
        nutrient-related functional traits have mainly focused on the species level and regional
        scale, but fewer studies have investigated the distribution patterns of the leaf N and P
        contents (LN, LP) and N/P ratios (N/P) in communities and their controlling factors at a
        large scale; therefore, we used LN, LP, and N/P data at 69 sites from 818 forests in China.
        The results showed significant differences (p &lt; 0.05) in the LN, LP, and N/P at different
        life forms (tree, shrub, and herb). Neither LN, LP, nor N/P ratios showed significant
        patterns of latitudinal variation. With the increase in temperature and rainfall, the LN,
        LP, and leaf nutrient contents increased significantly (p &lt; 0.001). Across life forms, LN
        at different life forms varied significantly and was positively correlated with soil P
        content (p &lt; 0.001). The explanatory degree of climatic factors in shaping the spatial
        variation patterns of LN and N/P was higher than that of the soil nutrient factors, and the
        spatial variation patterns of the leaf nutrient traits of different life forms were shaped
        by the synergistic effects of climatic factors and soil nutrient factors.</subfield>
      </datafield>
      <datafield tag="592" ind1=" " ind2=" ">
         <subfield code="a">Publisher supplied data</subfield>
      </datafield>
      <datafield tag="593" ind1=" " ind2=" ">
         <subfield code="a">PubAg article</subfield>
      </datafield>
      <datafield tag="650" ind1=" " ind2="3">
         <subfield code="a">growth and development</subfield>
      </datafield>
      <datafield tag="650" ind1=" " ind2="3">
         <subfield code="a">leaves</subfield>
      </datafield>
      <datafield tag="650" ind1=" " ind2="3">
         <subfield code="a">nutrient content</subfield>
      </datafield>
      <datafield tag="650" ind1=" " ind2="3">
         <subfield code="a">photosynthesis</subfield>
      </datafield>
      <datafield tag="650" ind1=" " ind2="3">
         <subfield code="a">plant growth</subfield>
      </datafield>
      <datafield tag="650" ind1=" " ind2="3">
         <subfield code="a">rain</subfield>
      </datafield>
      <datafield tag="650" ind1=" " ind2="3">
         <subfield code="a">shrubs</subfield>
      </datafield>
      <datafield tag="650" ind1=" " ind2="3">
         <subfield code="a">soil</subfield>
      </datafield>
      <datafield tag="650" ind1=" " ind2="3">
         <subfield code="a">soil nutrients</subfield>
      </datafield>
      <datafield tag="650" ind1=" " ind2="3">
         <subfield code="a">stoichiometry</subfield>
      </datafield>
      <datafield tag="650" ind1=" " ind2="3">
         <subfield code="a">temperature</subfield>
      </datafield>
      <datafield tag="650" ind1=" " ind2="3">
         <subfield code="a">trees</subfield>
      </datafield>
      <datafield tag="651" ind1=" " ind2="3">
         <subfield code="a">China</subfield>
      </datafield>
      <datafield tag="700" ind1="1" ind2=" ">
         <subfield code="a">Wang, Jiangfeng </subfield>
         <subfield code="e">author</subfield>
      </datafield>
      <datafield tag="700" ind1="1" ind2=" ">
         <subfield code="a">Zhang, Liuyang </subfield>
         <subfield code="e">author</subfield>
      </datafield>
      <datafield tag="700" ind1="1" ind2=" ">
         <subfield code="a">Lv, Chengyu </subfield>
         <subfield code="e">author</subfield>
      </datafield>
      <datafield tag="700" ind1="1" ind2=" ">
         <subfield code="a">Liu, Longlong </subfield>
         <subfield code="e">author</subfield>
      </datafield>
      <datafield tag="700" ind1="1" ind2=" ">
         <subfield code="a">Zhao, Huixin </subfield>
         <subfield code="e">author</subfield>
         <subfield code="u">College of Life Sciences, Xinjiang Normal University, Urumqi 830054,
        China</subfield>
      </datafield>
      <datafield tag="700" ind1="1" ind2=" ">
         <subfield code="a">Gao, Jie </subfield>
         <subfield code="e">author</subfield>
         <subfield code="u">College of Life Sciences, Xinjiang Normal University, Urumqi 830054,
        China</subfield>
      </datafield>
      <datafield tag="773" ind1="0" ind2=" ">
         <subfield code="t">Plants.</subfield>
         <subfield code="g">2022 Aug. 21, v. 11, no. 16</subfield>
         <subfield code="d">Multidisciplinary Digital Publishing Institute</subfield>
         <subfield code="w">Journal:21620</subfield>
         <subfield code="x">2223-7747</subfield>
         <subfield code="7">nnas</subfield>
      </datafield>
      <datafield tag="787" ind1="1" ind2=" ">
         <subfield code="o">islandora_article_repository</subfield>
      </datafield>
      <datafield tag="787" ind1="1" ind2=" ">
         <subfield code="o">product_pubag</subfield>
      </datafield>
      <datafield tag="787" ind1="1" ind2=" ">
         <subfield code="o">(Journal)21620</subfield>
      </datafield>
      <datafield tag="856" ind1="4" ind2="0">
         <subfield code="u">https://dx.doi.org/10.3390/plants11162171</subfield>
         <subfield code="3">Available from publisher's site</subfield>
      </datafield>
      <datafield tag="912" ind1=" " ind2=" ">
         <subfield code="a">Article</subfield>
      </datafield>
      <datafield tag="914" ind1=" " ind2=" ">
         <subfield code="a">Journal:21620</subfield>
         <subfield code="b">2223-7747</subfield>
         <subfield code="c">11</subfield>
         <subfield code="d">16</subfield>
      </datafield>
      <datafield tag="914" ind1=" " ind2=" ">
         <subfield code="f">Plants</subfield>
      </datafield>
      <datafield tag="916" ind1=" " ind2=" ">
         <subfield code="a">Batch:10270</subfield>
      </datafield>
      <datafield tag="917" ind1=" " ind2=" ">
         <subfield code="a">issued</subfield>
      </datafield>
      <datafield tag="918" ind1="2" ind2=" ">
         <subfield code="a">Multidisciplinary Digital Publishing Institute</subfield>
         <subfield code="e">provider</subfield>
         <subfield code="5">DNAL</subfield>
      </datafield>
      <datafield tag="935" ind1=" " ind2=" ">
         <subfield code="a">IND607910850</subfield>
         <subfield code="9">ExL</subfield>
      </datafield>
      <datafield tag="949" ind1=" " ind2=" ">
         <subfield code="a">2022-08-26</subfield>
      </datafield>
      <datafield tag="952" ind1=" " ind2=" ">
         <subfield code="d">NAL-AP-2-clean</subfield>
      </datafield>
      <datafield tag="953" ind1=" " ind2=" ">
         <subfield code="a">/data/metadata/incoming/mdpinstitute/plants-11-16.xml</subfield>
      </datafield>
      <datafield tag="954" ind1=" " ind2=" ">
         <subfield code="a">file:/data/metadata/staging/mdpinstitute/plants-11-16.xml</subfield>
      </datafield>
      <datafield tag="955" ind1=" " ind2=" ">
         <subfield code="a">/data/metadata/staging/mdpinstitute/</subfield>
      </datafield>
      <datafield tag="974" ind1=" " ind2=" ">
         <subfield code="a">agid:7910850</subfield>
      </datafield>
      <datafield tag="983" ind1=" " ind2=" ">
         <subfield code="a">2022-08-26</subfield>
      </datafield>
      <datafield tag="984" ind1=" " ind2=" ">
         <subfield code="a">2022-08-26</subfield>
      </datafield>
   </record>