
   <!--Record: 32-->
   <record>
      <leader>05260nab a2200721 u 4500</leader>
      <controlfield tag="001">9915870239207426</controlfield>
      <controlfield tag="005">20221119071809.0</controlfield>
      <controlfield tag="008">200503e20180201xx |||||o|||||||||||eng||</controlfield>
      <datafield tag="016" ind1="7" ind2=" ">
         <subfield code="a">IND605913799</subfield>
         <subfield code="2">DNAL</subfield>
      </datafield>
      <datafield tag="024" ind1="7" ind2=" ">
         <subfield code="a">10.1016/j.foreco.2017.11.056</subfield>
         <subfield code="2">doi</subfield>
      </datafield>
      <datafield tag="035" ind1=" " ind2=" ">
         <subfield code="a">agid:5913799-01nal_inst</subfield>
      </datafield>
      <datafield tag="040" ind1=" " ind2=" ">
         <subfield code="a">AGL</subfield>
         <subfield code="b">eng</subfield>
         <subfield code="c">AGL</subfield>
      </datafield>
      <datafield tag="100" ind1="1" ind2=" ">
         <subfield code="a">Muvengwi, Justice</subfield>
         <subfield code="e">author</subfield>
         <subfield code="u">School of Animal, Plant and Environmental Sciences, University of the
        Witwatersrand, Private Bag 3, Wits 2050, South Africa</subfield>
      </datafield>
      <datafield tag="245" ind1="1" ind2="0">
         <subfield code="a">Population structure and spatial point-pattern analysis of a mono stand of
        Acacia polyacantha along a catena in a savanna ecosystem</subfield>
      </datafield>
      <datafield tag="300" ind1=" " ind2=" ">
         <subfield code="a">p. 499-508.</subfield>
      </datafield>
      <datafield tag="520" ind1=" " ind2=" ">
         <subfield code="a">Soil catenas represent a major environmental gradient that shape vegetation
        structure (e.g. as reflected in changes in the distribution of tree height, basal diameter
        and crown diameter) and spatial patterns in savanna landscapes. However, determining the
        mechanisms behind vegetation patterns remains challenging since distinct processes like
        species interactions and environmental factors can promote the formation of similar
        patterns. Here, we combine quantitative analyses of vegetation structure and tree morphology
        with spatial point pattern analysis to understand the impact of catena gradients in a
        savanna ecosystem. We focused on changes in the density, structure and spatial pattern of
        Acacia polyacantha along a catena gradient. We sampled three 50 m × 50 m plots in the upper,
        middle and bottom sections of the catena. The cartesian coordinates of all the trees in the
        plots were recorded using the ruler method. Variables such as height, canopy cover and basal
        diameter for each tree were measured. Tree height, basal area and canopy cover were compared
        across the slope using one-way analysis of variance. Spatial point-pattern of the trees was
        explored using both Ripley’s K-function and the pair-correlation function. Intraspecific
        interactions were also inferred from nearest-neighbour analysis. Trees were of highest basal
        area, height and canopy cover in the bottom section of the catena compared with both middle
        and upper sections. As expected, trees showed some regular distribution in the bottom
        section of the catena at scales between 8 and 10 m which is similar to the mean nearest
        neighbour distance. Contrary to the expected clustered distribution in the upper section of
        the catena, regular distribution was noted between 1 and 5 m and 9 and 11 m. The fact that
        trees were larger for all measured variables in the bottom section of the catena than in the
        middle or upper, support the findings of other studies where eluviation and illuviation
        resulted in nutrient rich soils at bottom of catena that support high plant growth. We
        conclude that both topography and negative density dependent play an important role in
        shaping the structure and spatial point-pattern of A. polyacantha.</subfield>
      </datafield>
      <datafield tag="592" ind1=" " ind2=" ">
         <subfield code="a">Publisher supplied data</subfield>
      </datafield>
      <datafield tag="593" ind1=" " ind2=" ">
         <subfield code="a">PubAg article</subfield>
      </datafield>
      <datafield tag="650" ind1=" " ind2="3">
         <subfield code="a">topography</subfield>
      </datafield>
      <datafield tag="650" ind1=" " ind2="3">
         <subfield code="a">plant growth</subfield>
      </datafield>
      <datafield tag="650" ind1=" " ind2="3">
         <subfield code="a">canopy</subfield>
      </datafield>
      <datafield tag="650" ind1=" " ind2="3">
         <subfield code="a">quantitative analysis</subfield>
      </datafield>
      <datafield tag="650" ind1=" " ind2="3">
         <subfield code="a">Acacia</subfield>
      </datafield>
      <datafield tag="650" ind1=" " ind2="3">
         <subfield code="a">analysis of variance</subfield>
      </datafield>
      <datafield tag="650" ind1=" " ind2="3">
         <subfield code="a">landscapes</subfield>
      </datafield>
      <datafield tag="650" ind1=" " ind2="3">
         <subfield code="a">population structure</subfield>
      </datafield>
      <datafield tag="650" ind1=" " ind2="3">
         <subfield code="a">soil</subfield>
      </datafield>
      <datafield tag="650" ind1=" " ind2="3">
         <subfield code="a">environmental factors</subfield>
      </datafield>
      <datafield tag="650" ind1=" " ind2="3">
         <subfield code="a">trees</subfield>
      </datafield>
      <datafield tag="650" ind1=" " ind2="3">
         <subfield code="a">savannas</subfield>
      </datafield>
      <datafield tag="650" ind1=" " ind2="3">
         <subfield code="a">ecosystems</subfield>
      </datafield>
      <datafield tag="650" ind1=" " ind2="3">
         <subfield code="a">catenas</subfield>
      </datafield>
      <datafield tag="650" ind1=" " ind2="3">
         <subfield code="a">stand basal area</subfield>
      </datafield>
      <datafield tag="650" ind1=" " ind2="3">
         <subfield code="a">eluviation</subfield>
      </datafield>
      <datafield tag="650" ind1=" " ind2="3">
         <subfield code="a">illuviation</subfield>
      </datafield>
      <datafield tag="653" ind1=" " ind2="0">
         <subfield code="a">Acacia polyacantha</subfield>
      </datafield>
      <datafield tag="653" ind1=" " ind2="0">
         <subfield code="a">Catena</subfield>
      </datafield>
      <datafield tag="653" ind1=" " ind2="0">
         <subfield code="a">Ripley’s K finction</subfield>
      </datafield>
      <datafield tag="653" ind1=" " ind2="0">
         <subfield code="a">Spatial analysis</subfield>
      </datafield>
      <datafield tag="653" ind1=" " ind2="0">
         <subfield code="a">Pair correlation function</subfield>
      </datafield>
      <datafield tag="700" ind1="1" ind2=" ">
         <subfield code="a">Mbiba, Monicah</subfield>
         <subfield code="e">author</subfield>
         <subfield code="u">School of Animal, Plant and Environmental Sciences, University of the
        Witwatersrand, Private Bag 3, Wits 2050, South Africa</subfield>
      </datafield>
      <datafield tag="700" ind1="1" ind2=" ">
         <subfield code="a">Chikumbindi, Joyline</subfield>
         <subfield code="e">author</subfield>
         <subfield code="u">Department of Natural Resources, Bindura University of Science Education,
        Private Bag, 1020 Bindura, Zimbabwe</subfield>
      </datafield>
      <datafield tag="700" ind1="1" ind2=" ">
         <subfield code="a">Ndagurwa, Hilton G.T.</subfield>
         <subfield code="e">author</subfield>
         <subfield code="u">School of Animal, Plant and Environmental Sciences, University of the
        Witwatersrand, Private Bag 3, Wits 2050, South Africa</subfield>
      </datafield>
      <datafield tag="700" ind1="1" ind2=" ">
         <subfield code="a">Mureva, Admore</subfield>
         <subfield code="e">author</subfield>
         <subfield code="u">Department of Natural Resources, Bindura University of Science Education,
        Private Bag, 1020 Bindura, Zimbabwe</subfield>
         <subfield code="1">https://orcid.org/0000-0002-9349-6548</subfield>
      </datafield>
      <datafield tag="773" ind1="0" ind2=" ">
         <subfield code="t">Forest ecology and management.</subfield>
         <subfield code="g">2018 Feb. 01, v. 409 p.499-508</subfield>
         <subfield code="d">Elsevier B.V.</subfield>
         <subfield code="w">Journal:jnl9013</subfield>
         <subfield code="x">0378-1127</subfield>
         <subfield code="7">nnas</subfield>
      </datafield>
      <datafield tag="787" ind1="1" ind2=" ">
         <subfield code="o">islandora_article_repository</subfield>
      </datafield>
      <datafield tag="787" ind1="1" ind2=" ">
         <subfield code="o">product_pubag</subfield>
      </datafield>
      <datafield tag="787" ind1="1" ind2=" ">
         <subfield code="o">(Journal)jnl9013</subfield>
      </datafield>
      <datafield tag="856" ind1="4" ind2="0">
         <subfield code="u">https://dx.doi.org/10.1016/j.foreco.2017.11.056</subfield>
         <subfield code="3">Available from publisher's site</subfield>
      </datafield>
      <datafield tag="912" ind1=" " ind2=" ">
         <subfield code="a">Article</subfield>
      </datafield>
      <datafield tag="914" ind1=" " ind2=" ">
         <subfield code="a">Journal:jnl9013</subfield>
         <subfield code="b">0378-1127</subfield>
         <subfield code="c">409</subfield>
         <subfield code="e">499</subfield>
      </datafield>
      <datafield tag="914" ind1=" " ind2=" ">
         <subfield code="f">Forest ecology and management</subfield>
      </datafield>
      <datafield tag="916" ind1=" " ind2=" ">
         <subfield code="a">Batch:1961</subfield>
      </datafield>
      <datafield tag="917" ind1=" " ind2=" ">
         <subfield code="a">issued</subfield>
      </datafield>
      <datafield tag="918" ind1="2" ind2=" ">
         <subfield code="a">Elsevier Consyn</subfield>
         <subfield code="e">provider</subfield>
         <subfield code="5">DNAL</subfield>
      </datafield>
      <datafield tag="935" ind1=" " ind2=" ">
         <subfield code="a">IND605913799</subfield>
         <subfield code="9">ExL</subfield>
      </datafield>
      <datafield tag="949" ind1=" " ind2=" ">
         <subfield code="a">2019-04-03</subfield>
      </datafield>
      <datafield tag="953" ind1=" " ind2=" ">
         <subfield code="a">/data/metadata/incoming/consyn/122279531279841237-00003-HEAD-ONLY-NEW
        CONSYN ISSNS.zip</subfield>
      </datafield>
      <datafield tag="954" ind1=" " ind2=" ">
         <subfield code="a">file:/data/metadata/staging/consyn/S0378112717312926.xml</subfield>
      </datafield>
      <datafield tag="955" ind1=" " ind2=" ">
         <subfield code="a">/data/metadata/staging/consyn/</subfield>
      </datafield>
      <datafield tag="974" ind1=" " ind2=" ">
         <subfield code="a">agid:5913799</subfield>
      </datafield>
      <datafield tag="983" ind1=" " ind2=" ">
         <subfield code="a">2020-05-03</subfield>
      </datafield>
      <datafield tag="984" ind1=" " ind2=" ">
         <subfield code="a">2020-05-03</subfield>
      </datafield>
   </record>