
   <!--Record: 33-->
   <record>
      <leader>05582nab a2200733 u 4500</leader>
      <controlfield tag="001">9915871464907426</controlfield>
      <controlfield tag="005">20221119075717.0</controlfield>
      <controlfield tag="008">211114e20191220xx |||||o|||||||||||eng||</controlfield>
      <datafield tag="016" ind1="7" ind2=" ">
         <subfield code="a">IND606615270</subfield>
         <subfield code="2">DNAL</subfield>
      </datafield>
      <datafield tag="024" ind1="7" ind2=" ">
         <subfield code="a">10.1016/j.scitotenv.2019.133989</subfield>
         <subfield code="2">doi</subfield>
      </datafield>
      <datafield tag="035" ind1=" " ind2=" ">
         <subfield code="a">agid:6615270-01nal_inst</subfield>
      </datafield>
      <datafield tag="040" ind1=" " ind2=" ">
         <subfield code="a">AGL</subfield>
         <subfield code="b">eng</subfield>
         <subfield code="c">AGL</subfield>
      </datafield>
      <datafield tag="100" ind1="1" ind2=" ">
         <subfield code="a">Sangüesa-Barreda, Gabriel</subfield>
         <subfield code="e">author</subfield>
         <subfield code="u">Depto. de Ciencias Agroforestales, EiFAB-iuFOR, Universidad de Valladolid,
        Campus Duques de Soria s/n, 42004 Soria, Spain</subfield>
         <subfield code="1">https://orcid.org/0000-0002-7722-2424</subfield>
      </datafield>
      <datafield tag="245" ind1="1" ind2="0">
         <subfield code="a">Droughts and climate warming desynchronize Black pine growth across the
        Mediterranean Basin</subfield>
      </datafield>
      <datafield tag="520" ind1=" " ind2=" ">
         <subfield code="a">The effects of climate change on forest growth are not homogeneous across
        tree species distribution ranges because of inter-population variability and spatial
        heterogeneity. Although latitudinal and thermal gradients in growth patterns have been
        widely investigated, changes in these patterns along longitudinal gradients due to the
        different timing and severity of regional droughts are less studied. Here, we investigated
        these responses in Mediterranean Black pine (Pinus nigra Arn.). We built a tree-ring width
        dataset comprising 77 forests (1202 trees) across the Mediterranean Basin. The
        biogeographical patterns in growth patterns and the relationships between growth and mean
        temperature, precipitation, drought and atmospheric circulations patterns (NAO -North
        Atlantic Oscillation-, SOI -Southern Oscillation Index- and MOI -Mediterranean Oscillation
        index-) were analyzed. Then, we evaluated the spatial and temporal growth synchrony between
        and within east and west populations. We found different growth and climate patterns in west
        vs. east Black pine populations, although in both regions growth was driven by similar
        temperature and precipitation variables. MOI significantly influenced tree growth, whilst
        NAO and SOI showed weaker effects. Growth of east and west Black pine populations
        desynchronized after the 1970s when several and uncoupled regional droughts occurred across
        the Mediterranean Basin. We detected a climate shift from the 1970s to the 1980s affecting
        growth patterns, changing growth-climate relationships, and reducing forest growth from west
        to east Black pine forests. Afterwards, climate and growth of east and west populations
        became increasingly more divergent. Our findings imply that integral bioclimatic and
        biogeographical analyses across the species distribution area must be considered to
        adequately assess the impact of climate change on tree growth under warming and more arid
        conditions.</subfield>
      </datafield>
      <datafield tag="592" ind1=" " ind2=" ">
         <subfield code="a">Publisher supplied data</subfield>
      </datafield>
      <datafield tag="593" ind1=" " ind2=" ">
         <subfield code="a">PubAg article</subfield>
      </datafield>
      <datafield tag="650" ind1=" " ind2="3">
         <subfield code="a">Pinus nigra</subfield>
      </datafield>
      <datafield tag="650" ind1=" " ind2="3">
         <subfield code="a">climate</subfield>
      </datafield>
      <datafield tag="650" ind1=" " ind2="3">
         <subfield code="a">coniferous forests</subfield>
      </datafield>
      <datafield tag="650" ind1=" " ind2="3">
         <subfield code="a">data collection</subfield>
      </datafield>
      <datafield tag="650" ind1=" " ind2="3">
         <subfield code="a">drought</subfield>
      </datafield>
      <datafield tag="650" ind1=" " ind2="3">
         <subfield code="a">dry environmental conditions</subfield>
      </datafield>
      <datafield tag="650" ind1=" " ind2="3">
         <subfield code="a">forest growth</subfield>
      </datafield>
      <datafield tag="650" ind1=" " ind2="3">
         <subfield code="a">geographical distribution</subfield>
      </datafield>
      <datafield tag="650" ind1=" " ind2="3">
         <subfield code="a">global warming</subfield>
      </datafield>
      <datafield tag="650" ind1=" " ind2="3">
         <subfield code="a">growth rings</subfield>
      </datafield>
      <datafield tag="650" ind1=" " ind2="3">
         <subfield code="a">spatial variation</subfield>
      </datafield>
      <datafield tag="650" ind1=" " ind2="3">
         <subfield code="a">temperature profiles</subfield>
      </datafield>
      <datafield tag="650" ind1=" " ind2="3">
         <subfield code="a">tree growth</subfield>
      </datafield>
      <datafield tag="650" ind1=" " ind2="3">
         <subfield code="a">trees</subfield>
      </datafield>
      <datafield tag="651" ind1=" " ind2="3">
         <subfield code="a">Mediterranean region</subfield>
      </datafield>
      <datafield tag="653" ind1=" " ind2="0">
         <subfield code="a">Biogeography</subfield>
      </datafield>
      <datafield tag="653" ind1=" " ind2="0">
         <subfield code="a">Dendroecology</subfield>
      </datafield>
      <datafield tag="653" ind1=" " ind2="0">
         <subfield code="a">Pinus nigra</subfield>
      </datafield>
      <datafield tag="653" ind1=" " ind2="0">
         <subfield code="a">Tree rings</subfield>
      </datafield>
      <datafield tag="653" ind1=" " ind2="0">
         <subfield code="a">Species distribution</subfield>
      </datafield>
      <datafield tag="700" ind1="1" ind2=" ">
         <subfield code="a">Camarero, J. Julio</subfield>
         <subfield code="e">author</subfield>
         <subfield code="u">Instituto Pirenaico de Ecología (IPE-CSIC), Avda. Montañana 1005, 50192
        Zaragoza, Spain</subfield>
         <subfield code="1">https://orcid.org/0000-0003-2436-2922</subfield>
      </datafield>
      <datafield tag="700" ind1="1" ind2=" ">
         <subfield code="a">Sánchez-Salguero, Raúl</subfield>
         <subfield code="e">author</subfield>
         <subfield code="u">Depto. de Sistemas Físicos, Químicos y Naturales, Universidad Pablo de
        Olavide, Crta. Utrera Km 1, 41013 Sevilla, Spain</subfield>
      </datafield>
      <datafield tag="700" ind1="1" ind2=" ">
         <subfield code="a">Gutiérrez, Emilia</subfield>
         <subfield code="e">author</subfield>
         <subfield code="u">Department de Biologia Evolutiva, Ecologia i Ciències Ambientlas, secció
        Ecologia, Universitat de Barcelona, Av Diagonal 643, 08028 Barcelona, Spain</subfield>
      </datafield>
      <datafield tag="700" ind1="1" ind2=" ">
         <subfield code="a">Linares, Juan Carlos</subfield>
         <subfield code="e">author</subfield>
         <subfield code="u">Depto. de Sistemas Físicos, Químicos y Naturales, Universidad Pablo de
        Olavide, Crta. Utrera Km 1, 41013 Sevilla, Spain</subfield>
         <subfield code="1">https://orcid.org/0000-0001-8375-6353</subfield>
      </datafield>
      <datafield tag="700" ind1="1" ind2=" ">
         <subfield code="a">Génova, Mar</subfield>
         <subfield code="e">author</subfield>
         <subfield code="u">Depto. Sistemas y Recursos Naturales, Univ. Politécnica de Madrid, Avda.
        Ramiro de Maezlu s/n, 28040 Madrid, Spain</subfield>
      </datafield>
      <datafield tag="700" ind1="1" ind2=" ">
         <subfield code="a">Ribas, Montserrat</subfield>
         <subfield code="e">author</subfield>
         <subfield code="u">Department de Biologia Evolutiva, Ecologia i Ciències Ambientlas, secció
        Ecologia, Universitat de Barcelona, Av Diagonal 643, 08028 Barcelona, Spain</subfield>
      </datafield>
      <datafield tag="700" ind1="1" ind2=" ">
         <subfield code="a">Tíscar, Pedro Antonio</subfield>
         <subfield code="e">author</subfield>
         <subfield code="u">Centro de Capacitación y Experimentación Forestal Vadillo-Castril, 23470
        Cazorla, Spain</subfield>
      </datafield>
      <datafield tag="700" ind1="1" ind2=" ">
         <subfield code="a">López-Sáez, José Antonio</subfield>
         <subfield code="e">author</subfield>
         <subfield code="u">Archaeobiology Group, Instituto de Historia (CCHS-CSIC), Calle de Albasanz
        26, 28037 Madrid, Spain</subfield>
      </datafield>
      <datafield tag="773" ind1="0" ind2=" ">
         <subfield code="t">Science of the total environment.</subfield>
         <subfield code="g">2019 Dec. 20, v. 697 p.133989-</subfield>
         <subfield code="d">Elsevier B.V.</subfield>
         <subfield code="w">Journal:jnl4455</subfield>
         <subfield code="x">0048-9697</subfield>
         <subfield code="7">nnas</subfield>
      </datafield>
      <datafield tag="787" ind1="1" ind2=" ">
         <subfield code="o">islandora_article_repository</subfield>
      </datafield>
      <datafield tag="787" ind1="1" ind2=" ">
         <subfield code="o">product_pubag</subfield>
      </datafield>
      <datafield tag="787" ind1="1" ind2=" ">
         <subfield code="o">(Journal)jnl4455</subfield>
      </datafield>
      <datafield tag="856" ind1="4" ind2="0">
         <subfield code="u">https://dx.doi.org/10.1016/j.scitotenv.2019.133989</subfield>
         <subfield code="3">Available from publisher's site</subfield>
      </datafield>
      <datafield tag="912" ind1=" " ind2=" ">
         <subfield code="a">Article</subfield>
      </datafield>
      <datafield tag="914" ind1=" " ind2=" ">
         <subfield code="a">Journal:jnl4455</subfield>
         <subfield code="b">0048-9697</subfield>
      </datafield>
      <datafield tag="914" ind1=" " ind2=" ">
         <subfield code="f">Science of the total environment</subfield>
      </datafield>
      <datafield tag="916" ind1=" " ind2=" ">
         <subfield code="a">Batch:2343</subfield>
      </datafield>
      <datafield tag="917" ind1=" " ind2=" ">
         <subfield code="a">issued</subfield>
      </datafield>
      <datafield tag="918" ind1="2" ind2=" ">
         <subfield code="a">Elsevier Consyn</subfield>
         <subfield code="e">provider</subfield>
         <subfield code="5">DNAL</subfield>
      </datafield>
      <datafield tag="935" ind1=" " ind2=" ">
         <subfield code="a">IND606615270</subfield>
         <subfield code="9">ExL</subfield>
      </datafield>
      <datafield tag="949" ind1=" " ind2=" ">
         <subfield code="a">2019-11-08</subfield>
      </datafield>
      <datafield tag="953" ind1=" " ind2=" ">
         <subfield code="a">/data/metadata/incoming/consyn/109645854038347522-00001-HEAD-ONLY-NEW
        CONSYN ISSNS.zip</subfield>
      </datafield>
      <datafield tag="954" ind1=" " ind2=" ">
         <subfield code="a">file:/data/metadata/staging/consyn/S004896971933966X.xml</subfield>
      </datafield>
      <datafield tag="955" ind1=" " ind2=" ">
         <subfield code="a">/data/metadata/staging/consyn/</subfield>
      </datafield>
      <datafield tag="974" ind1=" " ind2=" ">
         <subfield code="a">agid:6615270</subfield>
      </datafield>
      <datafield tag="983" ind1=" " ind2=" ">
         <subfield code="a">2021-11-14</subfield>
      </datafield>
      <datafield tag="984" ind1=" " ind2=" ">
         <subfield code="a">2021-11-14</subfield>
      </datafield>
   </record>