
   <!--Record: 36-->
   <record>
      <leader>04774nab a2200733 u 4500</leader>
      <controlfield tag="001">9915872486607426</controlfield>
      <controlfield tag="005">20221119083403.0</controlfield>
      <controlfield tag="008">211030e202110 xx |||||o|||||||||||eng||</controlfield>
      <datafield tag="016" ind1="7" ind2=" ">
         <subfield code="a">IND607471751</subfield>
         <subfield code="2">DNAL</subfield>
      </datafield>
      <datafield tag="024" ind1="7" ind2=" ">
         <subfield code="a">10.1016/j.flora.2021.151916</subfield>
         <subfield code="2">doi</subfield>
      </datafield>
      <datafield tag="035" ind1=" " ind2=" ">
         <subfield code="a">agid:7471751-01nal_inst</subfield>
      </datafield>
      <datafield tag="040" ind1=" " ind2=" ">
         <subfield code="a">AGL</subfield>
         <subfield code="b">eng</subfield>
         <subfield code="c">AGL</subfield>
      </datafield>
      <datafield tag="100" ind1="1" ind2=" ">
         <subfield code="a">Guimaraes, Aretha Franklin</subfield>
         <subfield code="e">author</subfield>
         <subfield code="u">Programa de Pós-Graduação em Botânica Aplicada, Departamento de Biologia,
        Universidade Federal de Lavras, Lavras, MG, Brazil</subfield>
      </datafield>
      <datafield tag="245" ind1="1" ind2="0">
         <subfield code="a">Small-scale environmental variations drive vegetation structure and
        diversity in Amazon riverine forests</subfield>
      </datafield>
      <datafield tag="520" ind1=" " ind2=" ">
         <subfield code="a">Riverine forests in the Brazilian Amazon provide a series of ecosystem
        services and harbor one of the world's most diverse floras, but the main drivers of
        variation in small spatial scales in such tropical forests are not well understood. Our aim
        was to evaluate tree community structure and diversity patterns in the Teles Pires River to
        identify the main drivers of small-scale variations in the area. We sampled 4,180
        individuals from 49 botanical families, 164 genera and 347 species by using six transects of
        five pairs of 50 m x 40 m permanent plots totalizing 60 permanent plots in a 12-hectare
        area. We utilized generalized linear mixed models to assess whether the effects of the
        environmental variables in the vegetation structural parameters. Altitude and groundwater
        depth were the main drivers influencing species diversity patterns. The trees had similar
        total biomass in areas within the same distance from the river margins. There was a lower
        species richness and tree density closer to the river margins. Otherwise, we found larger
        trees (higher individual biomass) closer to the river margins when compared to areas distant
        from the margins. Our results indicate a high species turnover from the river margins to the
        forest interior, which highlights the importance of assessing local effects on biological
        communities in tropical forests, especially in the Brazilian Amazon where several
        high-impact dams are planned.</subfield>
      </datafield>
      <datafield tag="592" ind1=" " ind2=" ">
         <subfield code="a">Publisher supplied data</subfield>
      </datafield>
      <datafield tag="593" ind1=" " ind2=" ">
         <subfield code="a">PubAg article</subfield>
      </datafield>
      <datafield tag="650" ind1=" " ind2="3">
         <subfield code="a">altitude</subfield>
      </datafield>
      <datafield tag="650" ind1=" " ind2="3">
         <subfield code="a">biomass</subfield>
      </datafield>
      <datafield tag="650" ind1=" " ind2="3">
         <subfield code="a">community structure</subfield>
      </datafield>
      <datafield tag="650" ind1=" " ind2="3">
         <subfield code="a">ecosystems</subfield>
      </datafield>
      <datafield tag="650" ind1=" " ind2="3">
         <subfield code="a">flora</subfield>
      </datafield>
      <datafield tag="650" ind1=" " ind2="3">
         <subfield code="a">riparian areas</subfield>
      </datafield>
      <datafield tag="650" ind1=" " ind2="3">
         <subfield code="a">rivers</subfield>
      </datafield>
      <datafield tag="650" ind1=" " ind2="3">
         <subfield code="a">species richness</subfield>
      </datafield>
      <datafield tag="650" ind1=" " ind2="3">
         <subfield code="a">trees</subfield>
      </datafield>
      <datafield tag="650" ind1=" " ind2="3">
         <subfield code="a">vegetation structure</subfield>
      </datafield>
      <datafield tag="650" ind1=" " ind2="3">
         <subfield code="a">water table</subfield>
      </datafield>
      <datafield tag="651" ind1=" " ind2="3">
         <subfield code="a">Amazonia</subfield>
      </datafield>
      <datafield tag="653" ind1=" " ind2="0">
         <subfield code="a">Flooding</subfield>
      </datafield>
      <datafield tag="653" ind1=" " ind2="0">
         <subfield code="a">Floodplain forests</subfield>
      </datafield>
      <datafield tag="653" ind1=" " ind2="0">
         <subfield code="a">Fine-scale variation</subfield>
      </datafield>
      <datafield tag="653" ind1=" " ind2="0">
         <subfield code="a">Environmental filtering</subfield>
      </datafield>
      <datafield tag="653" ind1=" " ind2="0">
         <subfield code="a">Waterlogging stress</subfield>
      </datafield>
      <datafield tag="653" ind1=" " ind2="0">
         <subfield code="a">Forest biomass</subfield>
      </datafield>
      <datafield tag="653" ind1=" " ind2="0">
         <subfield code="a">Teles pires river</subfield>
      </datafield>
      <datafield tag="653" ind1=" " ind2="0">
         <subfield code="a">Rainforests</subfield>
      </datafield>
      <datafield tag="700" ind1="1" ind2=" ">
         <subfield code="a">de Souza, Cléber Rodrigo</subfield>
         <subfield code="e">author</subfield>
         <subfield code="u">Setor de Ecologia e Manejo da Vida Silvestre, Departamento de Ciências
        Florestais, Universidade Federal de Lavras, Lavras, MG, Brazil</subfield>
      </datafield>
      <datafield tag="700" ind1="1" ind2=" ">
         <subfield code="a">Rosa, Clarissa</subfield>
         <subfield code="e">author</subfield>
         <subfield code="u">Coordenação de Biodiversidade, Instituto Nacional de Pesquisas da Amazônia.
        Manaus, AM, Brazil</subfield>
      </datafield>
      <datafield tag="700" ind1="1" ind2=" ">
         <subfield code="a">Paulo dos Santos, Juliano</subfield>
         <subfield code="e">author</subfield>
         <subfield code="u">Instituto de Ciências Agrárias e Ambientais, Universidade Federal do Mato
        Grosso, Sinop, MT, Brazil</subfield>
      </datafield>
      <datafield tag="700" ind1="1" ind2=" ">
         <subfield code="a">Teixeira, Luis Antonio Fonseca</subfield>
         <subfield code="e">author</subfield>
         <subfield code="u">Instituto Federal de Educação, Ciência e Tecnologia do Pará, Campus
        Santarém, Santarém, Palestine, Brazil</subfield>
      </datafield>
      <datafield tag="700" ind1="1" ind2=" ">
         <subfield code="a">Zanzini, Lucas Pereira</subfield>
         <subfield code="e">author</subfield>
         <subfield code="u">Departamento de Engenharia Florestal, Universidade do Estado de Mato
        Grosso, Cáceres, MT, Brazil</subfield>
      </datafield>
      <datafield tag="700" ind1="1" ind2=" ">
         <subfield code="a">Santiago, Wagner Tadeu Vieira</subfield>
         <subfield code="e">author</subfield>
         <subfield code="u">CESAM - Centro de Estudos do Ambiente e do Mar, Departamento de Biologia.
        Pesquisador Colaborador, Universidade de Aveiro, Aveiro, Portugal</subfield>
      </datafield>
      <datafield tag="700" ind1="1" ind2=" ">
         <subfield code="a">Zanzini, Antônio Carlos da Silva</subfield>
         <subfield code="e">author</subfield>
         <subfield code="u">Coordenação de Biodiversidade, Instituto Nacional de Pesquisas da Amazônia.
        Manaus, AM, Brazil</subfield>
      </datafield>
      <datafield tag="773" ind1="0" ind2=" ">
         <subfield code="t">Flora.</subfield>
         <subfield code="g">2021 Oct., v. 283 p.151916-</subfield>
         <subfield code="d">Elsevier GmbH</subfield>
         <subfield code="w">Journal:jnl51878</subfield>
         <subfield code="x">0367-2530</subfield>
         <subfield code="7">nnas</subfield>
      </datafield>
      <datafield tag="787" ind1="1" ind2=" ">
         <subfield code="o">islandora_article_repository</subfield>
      </datafield>
      <datafield tag="787" ind1="1" ind2=" ">
         <subfield code="o">product_pubag</subfield>
      </datafield>
      <datafield tag="787" ind1="1" ind2=" ">
         <subfield code="o">(Journal)jnl51878</subfield>
      </datafield>
      <datafield tag="856" ind1="4" ind2="0">
         <subfield code="u">https://dx.doi.org/10.1016/j.flora.2021.151916</subfield>
         <subfield code="3">Available from publisher's site</subfield>
      </datafield>
      <datafield tag="912" ind1=" " ind2=" ">
         <subfield code="a">Article</subfield>
      </datafield>
      <datafield tag="914" ind1=" " ind2=" ">
         <subfield code="a">Journal:jnl51878</subfield>
         <subfield code="b">0367-2530</subfield>
         <subfield code="e">151916</subfield>
      </datafield>
      <datafield tag="914" ind1=" " ind2=" ">
         <subfield code="f">Flora</subfield>
      </datafield>
      <datafield tag="916" ind1=" " ind2=" ">
         <subfield code="a">Batch:10192</subfield>
      </datafield>
      <datafield tag="917" ind1=" " ind2=" ">
         <subfield code="a">issued</subfield>
      </datafield>
      <datafield tag="918" ind1="2" ind2=" ">
         <subfield code="a">Elsevier Consyn</subfield>
         <subfield code="e">provider</subfield>
         <subfield code="5">DNAL</subfield>
      </datafield>
      <datafield tag="935" ind1=" " ind2=" ">
         <subfield code="a">IND607471751</subfield>
         <subfield code="9">ExL</subfield>
      </datafield>
      <datafield tag="949" ind1=" " ind2=" ">
         <subfield code="a">2022-02-23</subfield>
      </datafield>
      <datafield tag="952" ind1=" " ind2=" ">
         <subfield code="d">NAL-AP-2-clean</subfield>
      </datafield>
      <datafield tag="953" ind1=" " ind2=" ">
         <subfield code="a">/data/metadata/incoming/consyn/197753926768264607-00003-HEAD-ONLY-NEW
        CONSYN ISSNS.zip</subfield>
      </datafield>
      <datafield tag="954" ind1=" " ind2=" ">
         <subfield code="a">file:/data/metadata/staging/consyn/S0367253021001559.xml</subfield>
      </datafield>
      <datafield tag="955" ind1=" " ind2=" ">
         <subfield code="a">/data/metadata/staging/consyn/</subfield>
      </datafield>
      <datafield tag="974" ind1=" " ind2=" ">
         <subfield code="a">agid:7471751</subfield>
      </datafield>
      <datafield tag="983" ind1=" " ind2=" ">
         <subfield code="a">2021-10-30</subfield>
      </datafield>
      <datafield tag="984" ind1=" " ind2=" ">
         <subfield code="a">2022-02-18</subfield>
      </datafield>
   </record>