
   <!--Record: 38-->
   <record>
      <leader>04839nab a2200613 u 4500</leader>
      <controlfield tag="001">9915872708807426</controlfield>
      <controlfield tag="005">20221119084707.0</controlfield>
      <controlfield tag="008">210911e20211101xx |||||o|||||||||||eng||</controlfield>
      <datafield tag="016" ind1="7" ind2=" ">
         <subfield code="a">IND607471775</subfield>
         <subfield code="2">DNAL</subfield>
      </datafield>
      <datafield tag="024" ind1="7" ind2=" ">
         <subfield code="a">10.1016/j.foreco.2021.119577</subfield>
         <subfield code="2">doi</subfield>
      </datafield>
      <datafield tag="035" ind1=" " ind2=" ">
         <subfield code="a">agid:7471775-01nal_inst</subfield>
      </datafield>
      <datafield tag="040" ind1=" " ind2=" ">
         <subfield code="a">AGL</subfield>
         <subfield code="b">eng</subfield>
         <subfield code="c">AGL</subfield>
      </datafield>
      <datafield tag="100" ind1="1" ind2=" ">
         <subfield code="a">VanderMolen, Matthew S.</subfield>
         <subfield code="e">author</subfield>
         <subfield code="u">College of Forest Resources and Environmental Science, Michigan
        Technological University, 1400 Townsend Dr, Houghton, MI 49931, USA</subfield>
      </datafield>
      <datafield tag="245" ind1="1" ind2="0">
         <subfield code="a">Spatial patterning of regeneration failure in experimental canopy gaps
        15–24 years post-harvest</subfield>
      </datafield>
      <datafield tag="520" ind1=" " ind2=" ">
         <subfield code="a">Gap-based silviculture and legacy-tree retention are strategies that can
        increase structural and resource heterogeneity while maintaining forest productivity at the
        stand scale. Nevertheless, areas of delayed regeneration have been noted in openings with
        some persisting for a decade or more. To better understand the causes of localized
        recruitment delay and/or near-term failure, we examined spatial patterning of persistent
        (≥15 years) patches of regeneration failure (≤1 sapling ≥1.37 m tall per 10 m²) at two
        long-term experimental gap experiments in northern Wisconsin and the Upper Peninsula of
        Michigan. During the summers of 2018 and 2019, we surveyed 84 harvest-created canopy gaps
        for areas of failure and mapped 79 individual patches where regeneration had failed to
        establish and recruit in a total of 52 openings. Spatial attributes of these individual
        patches were summarized and compared to their location relative to expected within (e.g.,
        north versus south, distance from edge) and between gap (e.g., gap size) gradients in light
        resource availability. Spatial analyses revealed no significant trends between north and
        south regions of gaps, which suggests that regeneration failure at the gap scale is likely
        determined by factors disentangled from expected within-gap light resource gradients. At the
        site without legacy-tree retention, patches that had failed to regenerate trees occupied
        17.3% of the total area in gaps (≥10 m radius) and were located near gap center. In
        contrast, at the site with legacy trees, only 4.8% of the total area in gaps (≥11 m radius)
        was occupied by patches of regeneration failure and patches were located near gap edge.
        Furthermore, increasing gap size was associated with a higher risk of regeneration failure
        only at the study site without legacy-tree retention. Our results suggest that legacy-tree
        retention may moderate the spatial extent of regeneration failure, however, further work is
        needed to clarify their long-term influence on regeneration dynamics within harvest
        openings.</subfield>
      </datafield>
      <datafield tag="592" ind1=" " ind2=" ">
         <subfield code="a">Publisher supplied data</subfield>
      </datafield>
      <datafield tag="593" ind1=" " ind2=" ">
         <subfield code="a">PubAg article</subfield>
      </datafield>
      <datafield tag="650" ind1=" " ind2="3">
         <subfield code="a">administrative management</subfield>
      </datafield>
      <datafield tag="650" ind1=" " ind2="3">
         <subfield code="a">forest ecology</subfield>
      </datafield>
      <datafield tag="650" ind1=" " ind2="3">
         <subfield code="a">forests</subfield>
      </datafield>
      <datafield tag="650" ind1=" " ind2="3">
         <subfield code="a">risk</subfield>
      </datafield>
      <datafield tag="650" ind1=" " ind2="3">
         <subfield code="a">silviculture</subfield>
      </datafield>
      <datafield tag="651" ind1=" " ind2="3">
         <subfield code="a">Michigan</subfield>
      </datafield>
      <datafield tag="651" ind1=" " ind2="3">
         <subfield code="a">Wisconsin</subfield>
      </datafield>
      <datafield tag="653" ind1=" " ind2="0">
         <subfield code="a">Forest regeneration</subfield>
      </datafield>
      <datafield tag="653" ind1=" " ind2="0">
         <subfield code="a">Spatial patterns</subfield>
      </datafield>
      <datafield tag="653" ind1=" " ind2="0">
         <subfield code="a">Regeneration failure</subfield>
      </datafield>
      <datafield tag="653" ind1=" " ind2="0">
         <subfield code="a">Canopy gap</subfield>
      </datafield>
      <datafield tag="653" ind1=" " ind2="0">
         <subfield code="a">Legacy-tree retention</subfield>
      </datafield>
      <datafield tag="653" ind1=" " ind2="0">
         <subfield code="a">Group selection</subfield>
      </datafield>
      <datafield tag="700" ind1="1" ind2=" ">
         <subfield code="a">Knapp, Samuel P.</subfield>
         <subfield code="e">author</subfield>
         <subfield code="u">College of Forest Resources and Environmental Science, Michigan
        Technological University, 1400 Townsend Dr, Houghton, MI 49931, USA</subfield>
      </datafield>
      <datafield tag="700" ind1="1" ind2=" ">
         <subfield code="a">Webster, Christopher R.</subfield>
         <subfield code="e">author</subfield>
         <subfield code="u">College of Forest Resources and Environmental Science, Michigan
        Technological University, 1400 Townsend Dr, Houghton, MI 49931, USA</subfield>
      </datafield>
      <datafield tag="700" ind1="1" ind2=" ">
         <subfield code="a">Kern, Christel C.</subfield>
         <subfield code="e">author</subfield>
         <subfield code="u">U.S. Forest Service, Northern Research Station, 5985 Highway K,
        Rhinelander, WI 54501, USA</subfield>
      </datafield>
      <datafield tag="700" ind1="1" ind2=" ">
         <subfield code="a">Dickinson, Yvette L.</subfield>
         <subfield code="e">author</subfield>
         <subfield code="u">Scion (New Zealand Forest Research Institute), Titokorangi Drive (formerly
        Longmile Rd), Private Bag 3020, Rotorua 3046, New Zealand</subfield>
      </datafield>
      <datafield tag="773" ind1="0" ind2=" ">
         <subfield code="t">Forest ecology and management.</subfield>
         <subfield code="g">2021 Nov. 01, v. 499 p.119577-</subfield>
         <subfield code="d">Elsevier B.V.</subfield>
         <subfield code="a">Elsevier B.V.</subfield>
         <subfield code="w">Journal:jnl9013</subfield>
         <subfield code="x">0378-1127</subfield>
         <subfield code="7">nnas</subfield>
      </datafield>
      <datafield tag="787" ind1="1" ind2=" ">
         <subfield code="o">islandora_article_repository</subfield>
      </datafield>
      <datafield tag="787" ind1="1" ind2=" ">
         <subfield code="o">product_pubag</subfield>
      </datafield>
      <datafield tag="787" ind1="1" ind2=" ">
         <subfield code="o">(Journal)jnl9013</subfield>
      </datafield>
      <datafield tag="856" ind1="4" ind2="0">
         <subfield code="u">https://dx.doi.org/10.1016/j.foreco.2021.119577</subfield>
         <subfield code="3">Available from publisher's site</subfield>
      </datafield>
      <datafield tag="912" ind1=" " ind2=" ">
         <subfield code="a">Article</subfield>
      </datafield>
      <datafield tag="914" ind1=" " ind2=" ">
         <subfield code="a">Journal:jnl9013</subfield>
         <subfield code="b">0378-1127</subfield>
         <subfield code="c">499</subfield>
         <subfield code="e">119577</subfield>
      </datafield>
      <datafield tag="914" ind1=" " ind2=" ">
         <subfield code="f">Forest ecology and management</subfield>
      </datafield>
      <datafield tag="916" ind1=" " ind2=" ">
         <subfield code="a">Batch:10191</subfield>
      </datafield>
      <datafield tag="917" ind1=" " ind2=" ">
         <subfield code="a">issued</subfield>
      </datafield>
      <datafield tag="918" ind1="2" ind2=" ">
         <subfield code="a">Elsevier Consyn</subfield>
         <subfield code="e">provider</subfield>
         <subfield code="5">DNAL</subfield>
      </datafield>
      <datafield tag="935" ind1=" " ind2=" ">
         <subfield code="a">IND607471775</subfield>
         <subfield code="9">ExL</subfield>
      </datafield>
      <datafield tag="949" ind1=" " ind2=" ">
         <subfield code="a">2022-02-22</subfield>
      </datafield>
      <datafield tag="952" ind1=" " ind2=" ">
         <subfield code="d">NAL-AP-2-clean</subfield>
      </datafield>
      <datafield tag="953" ind1=" " ind2=" ">
         <subfield code="a">/data/metadata/incoming/consyn/355906199649454918-00003-HEAD-ONLY-NEW
        CONSYN ISSNS.zip</subfield>
      </datafield>
      <datafield tag="954" ind1=" " ind2=" ">
         <subfield code="a">file:/data/metadata/staging/consyn/S0378112721006678.xml</subfield>
      </datafield>
      <datafield tag="955" ind1=" " ind2=" ">
         <subfield code="a">/data/metadata/staging/consyn/</subfield>
      </datafield>
      <datafield tag="974" ind1=" " ind2=" ">
         <subfield code="a">agid:7471775</subfield>
      </datafield>
      <datafield tag="983" ind1=" " ind2=" ">
         <subfield code="a">2021-09-11</subfield>
      </datafield>
      <datafield tag="984" ind1=" " ind2=" ">
         <subfield code="a">2022-02-17</subfield>
      </datafield>
   </record>