
   <!--Record: 39-->
   <record>
      <leader>04966nab a2200709 u 4500</leader>
      <controlfield tag="001">9915873139407426</controlfield>
      <controlfield tag="005">20221119085219.0</controlfield>
      <controlfield tag="008">190426e20190515xx |||||o|||||||||||eng||</controlfield>
      <datafield tag="016" ind1="7" ind2=" ">
         <subfield code="a">IND606382312</subfield>
         <subfield code="2">DNAL</subfield>
      </datafield>
      <datafield tag="024" ind1="7" ind2=" ">
         <subfield code="a">10.1002/ldr.3278</subfield>
         <subfield code="2">doi</subfield>
      </datafield>
      <datafield tag="035" ind1=" " ind2=" ">
         <subfield code="a">agid:6382312-01nal_inst</subfield>
      </datafield>
      <datafield tag="040" ind1=" " ind2=" ">
         <subfield code="a">AGL</subfield>
         <subfield code="b">eng</subfield>
         <subfield code="c">AGL</subfield>
      </datafield>
      <datafield tag="100" ind1="1" ind2=" ">
         <subfield code="a">Ali, Arshad</subfield>
         <subfield code="e">author</subfield>
         <subfield code="u">Spatial Ecology Lab, School of Life Sciences, South China Normal
        University, Guangzhou, 510631, Guangdong, PR China</subfield>
         <subfield code="1">https://orcid.org/0000-0001-9966-2917</subfield>
      </datafield>
      <datafield tag="245" ind1="1" ind2="0">
         <subfield code="a">Elucidating space, climate, edaphic, and biodiversity effects on
        aboveground biomass in tropical forests</subfield>
      </datafield>
      <datafield tag="300" ind1=" " ind2=" ">
         <subfield code="a">p. 918-927.</subfield>
      </datafield>
      <datafield tag="500" ind1=" " ind2=" ">
         <subfield code="a">JOURNAL ARTICLE</subfield>
      </datafield>
      <datafield tag="520" ind1=" " ind2=" ">
         <subfield code="a">AIM AND HYPOTHESIS: This study aims to disentangle the direct and indirect
        roles of space, climate, edaphic, and biodiversity effects on aboveground biomass in natural
        tropical forests, thereby evaluating the relative effects and contribution of abiotic and
        biotic factors on aboveground biomass. We hypothesized that the space effect drives the
        longitudinal, latitudinal, and elevational patterns in climatic and edaphic factors, thereby
        directly and indirectly determining the relationships between biodiversity and aboveground
        biomass in natural tropical forests. METHODS: We used structural equation modelling for
        linking spatial, climatic, edaphic, and biotic factors of aboveground biomass, using data
        from 247,691 trees across 907 tropical forest plots (total sampling area of 145.23 ha) of
        Hainan Island in Southern China. RESULTS: Aboveground biomass increased directly with
        functional dominance, individual tree size inequality, and climatic water availability but
        decreased directly with space and edaphic effects. However, space effect increased
        aboveground biomass indirectly via simultaneously differential direct changes (positive,
        negative, and non‐significant) in climatic, edaphic, and biotic factors. As such, indirect
        effects of mean annual temperature and climatic water availability decreased aboveground
        biomass through differential direct changes in biotic factors, but opposite was true for
        soil fertility. CONCLUSIONS: We argue that, despite the high relative contribution of
        biodiversity to aboveground biomass, the direct and indirect roles of space, climatic, and
        edaphic effects are also important for explaining biotic factors and aboveground biomass
        under the predictions of several abiotic‐based hypotheses. Hence, conserving biodiversity
        across space is important for forest management and land development under climate
        change.</subfield>
      </datafield>
      <datafield tag="592" ind1=" " ind2=" ">
         <subfield code="a">Publisher supplied data</subfield>
      </datafield>
      <datafield tag="593" ind1=" " ind2=" ">
         <subfield code="a">PubAg article</subfield>
      </datafield>
      <datafield tag="596" ind1=" " ind2=" ">
         <subfield code="c">Forest Protection Bureau</subfield>
      </datafield>
      <datafield tag="596" ind1=" " ind2=" ">
         <subfield code="c">Wildlife Protection Bureau</subfield>
      </datafield>
      <datafield tag="596" ind1=" " ind2=" ">
         <subfield code="a">2018M643117</subfield>
         <subfield code="c">China Postdoctoral Science Foundation</subfield>
      </datafield>
      <datafield tag="650" ind1=" " ind2="3">
         <subfield code="a">aboveground biomass</subfield>
      </datafield>
      <datafield tag="650" ind1=" " ind2="3">
         <subfield code="a">biodiversity</subfield>
      </datafield>
      <datafield tag="650" ind1=" " ind2="3">
         <subfield code="a">biotic factors</subfield>
      </datafield>
      <datafield tag="650" ind1=" " ind2="3">
         <subfield code="a">climate</subfield>
      </datafield>
      <datafield tag="650" ind1=" " ind2="3">
         <subfield code="a">climate change</subfield>
      </datafield>
      <datafield tag="650" ind1=" " ind2="3">
         <subfield code="a">edaphic factors</subfield>
      </datafield>
      <datafield tag="650" ind1=" " ind2="3">
         <subfield code="a">forest management</subfield>
      </datafield>
      <datafield tag="650" ind1=" " ind2="3">
         <subfield code="a">land use</subfield>
      </datafield>
      <datafield tag="650" ind1=" " ind2="3">
         <subfield code="a">prediction</subfield>
      </datafield>
      <datafield tag="650" ind1=" " ind2="3">
         <subfield code="a">soil fertility</subfield>
      </datafield>
      <datafield tag="650" ind1=" " ind2="3">
         <subfield code="a">structural equation modeling</subfield>
      </datafield>
      <datafield tag="650" ind1=" " ind2="3">
         <subfield code="a">temperature</subfield>
      </datafield>
      <datafield tag="650" ind1=" " ind2="3">
         <subfield code="a">trees</subfield>
      </datafield>
      <datafield tag="650" ind1=" " ind2="3">
         <subfield code="a">tropical forests</subfield>
      </datafield>
      <datafield tag="651" ind1=" " ind2="3">
         <subfield code="a">China</subfield>
      </datafield>
      <datafield tag="700" ind1="1" ind2=" ">
         <subfield code="a">Lin, Si‐Liang</subfield>
         <subfield code="e">author</subfield>
         <subfield code="u">Spatial Ecology Lab, School of Life Sciences, South China Normal
        University, Guangzhou, 510631, Guangdong, PR China</subfield>
      </datafield>
      <datafield tag="700" ind1="1" ind2=" ">
         <subfield code="a">He, Jie‐Kun</subfield>
         <subfield code="e">author</subfield>
         <subfield code="u">Spatial Ecology Lab, School of Life Sciences, South China Normal
        University, Guangzhou, 510631, Guangdong, PR China</subfield>
      </datafield>
      <datafield tag="700" ind1="1" ind2=" ">
         <subfield code="a">Kong, Fan‐Mao</subfield>
         <subfield code="e">author</subfield>
         <subfield code="u">Guangzhou Qimao Ecological Technology Co., Ltd., Guangzhou, 510631,
        Guangdong, PR China</subfield>
      </datafield>
      <datafield tag="700" ind1="1" ind2=" ">
         <subfield code="a">Yu, Jie‐Hua</subfield>
         <subfield code="e">author</subfield>
         <subfield code="u">Spatial Ecology Lab, School of Life Sciences, South China Normal
        University, Guangzhou, 510631, Guangdong, PR China</subfield>
      </datafield>
      <datafield tag="700" ind1="1" ind2=" ">
         <subfield code="a">Jiang, Hai‐Sheng</subfield>
         <subfield code="e">author</subfield>
         <subfield code="u">Spatial Ecology Lab, School of Life Sciences, South China Normal
        University, Guangzhou, 510631, Guangdong, PR China</subfield>
      </datafield>
      <datafield tag="773" ind1="0" ind2=" ">
         <subfield code="t">Land degradation &amp; development.</subfield>
         <subfield code="g">2019 May 15, v. 30, no. 8 p.918-927</subfield>
         <subfield code="d">John Wiley &amp; Sons, Ltd</subfield>
         <subfield code="w">Journal:jnl54628</subfield>
         <subfield code="x">1085-3278</subfield>
         <subfield code="7">nnas</subfield>
      </datafield>
      <datafield tag="787" ind1="1" ind2=" ">
         <subfield code="o">islandora_article_repository</subfield>
      </datafield>
      <datafield tag="787" ind1="1" ind2=" ">
         <subfield code="o">product_pubag</subfield>
      </datafield>
      <datafield tag="787" ind1="1" ind2=" ">
         <subfield code="o">(Journal)jnl54628</subfield>
      </datafield>
      <datafield tag="856" ind1="4" ind2="0">
         <subfield code="u">http://dx.doi.org/10.1002/ldr.3278</subfield>
         <subfield code="3">Available from publisher's site</subfield>
      </datafield>
      <datafield tag="912" ind1=" " ind2=" ">
         <subfield code="a">Article</subfield>
      </datafield>
      <datafield tag="914" ind1=" " ind2=" ">
         <subfield code="a">Journal:jnl54628</subfield>
         <subfield code="b">1085-3278</subfield>
         <subfield code="c">30</subfield>
         <subfield code="d">8</subfield>
         <subfield code="e">918</subfield>
      </datafield>
      <datafield tag="914" ind1=" " ind2=" ">
         <subfield code="f">Land degradation &amp; development</subfield>
      </datafield>
      <datafield tag="916" ind1=" " ind2=" ">
         <subfield code="a">Batch:2228</subfield>
      </datafield>
      <datafield tag="917" ind1=" " ind2=" ">
         <subfield code="a">issued</subfield>
      </datafield>
      <datafield tag="918" ind1="2" ind2=" ">
         <subfield code="a">John Wiley &amp; Sons, Inc</subfield>
         <subfield code="e">provider</subfield>
         <subfield code="5">DNAL</subfield>
      </datafield>
      <datafield tag="935" ind1=" " ind2=" ">
         <subfield code="a">IND606382312</subfield>
         <subfield code="9">ExL</subfield>
      </datafield>
      <datafield tag="949" ind1=" " ind2=" ">
         <subfield code="a">2019-06-13</subfield>
      </datafield>
      <datafield tag="953" ind1=" " ind2=" ">
         <subfield code="a">/data/metadata/incoming/wiley/10853278_2019_30_8.xml</subfield>
      </datafield>
      <datafield tag="954" ind1=" " ind2=" ">
         <subfield code="a">file:/data/metadata/staging/wiley/10853278_2019_30_8.xml</subfield>
      </datafield>
      <datafield tag="955" ind1=" " ind2=" ">
         <subfield code="a">/data/metadata/staging/wiley/</subfield>
      </datafield>
      <datafield tag="962" ind1=" " ind2=" ">
         <subfield code="a">Batch:2228 reviewed on 2019-06-13T04:00:03Z</subfield>
      </datafield>
      <datafield tag="974" ind1=" " ind2=" ">
         <subfield code="a">agid:6382312</subfield>
      </datafield>
      <datafield tag="983" ind1=" " ind2=" ">
         <subfield code="a">2019-04-26</subfield>
      </datafield>
      <datafield tag="984" ind1=" " ind2=" ">
         <subfield code="a">2019-06-13</subfield>
      </datafield>
   </record>