
   <!--Record: 42-->
   <record>
      <leader>03148nab a2200541 u 4500</leader>
      <controlfield tag="001">9915873972307426</controlfield>
      <controlfield tag="005">20221119092506.0</controlfield>
      <controlfield tag="008">110701e201107 xx |||||o|||||||||||eng||</controlfield>
      <datafield tag="016" ind1="7" ind2=" ">
         <subfield code="a">IND44596095</subfield>
         <subfield code="2">DNAL</subfield>
      </datafield>
      <datafield tag="024" ind1="7" ind2=" ">
         <subfield code="a">10.1111/j.1526-100X.2010.00652.x</subfield>
         <subfield code="2">doi</subfield>
      </datafield>
      <datafield tag="035" ind1=" " ind2=" ">
         <subfield code="a">agid:459845-01nal_inst</subfield>
      </datafield>
      <datafield tag="040" ind1=" " ind2=" ">
         <subfield code="a">AGL</subfield>
         <subfield code="b">eng</subfield>
         <subfield code="c">AGL</subfield>
      </datafield>
      <datafield tag="100" ind1="1" ind2=" ">
         <subfield code="a">Sánchez Meador, Andrew J.</subfield>
      </datafield>
      <datafield tag="245" ind1="1" ind2="2">
         <subfield code="a">A New Method for Delineating Tree Patches and Assessing Spatial Reference
        Conditions of Ponderosa Pine Forests in Northern Arizona</subfield>
      </datafield>
      <datafield tag="300" ind1=" " ind2=" ">
         <subfield code="a">p. 490-499.</subfield>
      </datafield>
      <datafield tag="500" ind1=" " ind2=" ">
         <subfield code="a">Includes references</subfield>
      </datafield>
      <datafield tag="500" ind1=" " ind2=" ">
         <subfield code="a">2019-12-06</subfield>
      </datafield>
      <datafield tag="520" ind1=" " ind2=" ">
         <subfield code="a">Multiscale spatial patterns of forest reference conditions offer insight on
        how historical and environmental processes have influenced forest stand dynamics. Yet,
        spatial information is often either unavailable or partial, because many studies provide
        nonspatial reference condition information, whereas others only report the local (i.e.
        observed at plot extent) spatial arrangement of trees. However, knowledge of multiscaled
        spatial patterns, including stand-, among-patch-, and within-patch-level patterns, is needed
        to ensure that forest management strategies suit a wide range of objectives in ecosystem
        restoration. In this study, we propose a new framework for delineating tree patches based on
        common stand attributes. We found that patch reference conditions for presettlement
        ponderosa pine in northern Arizona ranged from 10 to 27 patches/ha, accounted for 62-75% of
        the total historic stand basal area (m²/ha) and varied in size from 0.01 to 0.15 ha. Lastly,
        discussion was made on the importance of using a patch-delineation framework, such as the
        one proposed in this study, as a basis for quantifying stand- and patch-level patterns of
        reconstructed presettlement and current forest conditions and how this information should
        guide spatially explicit restoration management (e.g. thinning prescriptions).</subfield>
      </datafield>
      <datafield tag="593" ind1=" " ind2=" ">
         <subfield code="a">PubAg article</subfield>
      </datafield>
      <datafield tag="650" ind1=" " ind2="3">
         <subfield code="a">coniferous forests</subfield>
      </datafield>
      <datafield tag="650" ind1=" " ind2="3">
         <subfield code="a">Pinus ponderosa</subfield>
      </datafield>
      <datafield tag="650" ind1=" " ind2="3">
         <subfield code="a">trees</subfield>
      </datafield>
      <datafield tag="650" ind1=" " ind2="3">
         <subfield code="a">forest management</subfield>
      </datafield>
      <datafield tag="650" ind1=" " ind2="3">
         <subfield code="a">stand basal area</subfield>
      </datafield>
      <datafield tag="651" ind1=" " ind2="3">
         <subfield code="a">Arizona</subfield>
      </datafield>
      <datafield tag="653" ind1=" " ind2="0">
         <subfield code="a">basal area</subfield>
      </datafield>
      <datafield tag="700" ind1="1" ind2=" ">
         <subfield code="a">Parysow, Pablo F.</subfield>
      </datafield>
      <datafield tag="700" ind1="1" ind2=" ">
         <subfield code="a">Moore, Margaret M.</subfield>
      </datafield>
      <datafield tag="773" ind1="0" ind2=" ">
         <subfield code="t">Restoration ecology.</subfield>
         <subfield code="g">2011 July, v. 19, no. 4 p.490-499</subfield>
         <subfield code="d">Blackwell Publishing Ltd</subfield>
         <subfield code="x">1061-2971</subfield>
         <subfield code="7">nnas</subfield>
      </datafield>
      <datafield tag="787" ind1="1" ind2=" ">
         <subfield code="o">islandora_article_repository</subfield>
      </datafield>
      <datafield tag="787" ind1="1" ind2=" ">
         <subfield code="o">product_pubag</subfield>
      </datafield>
      <datafield tag="787" ind1="1" ind2=" ">
         <subfield code="o">(Journal)jnl3867104</subfield>
      </datafield>
      <datafield tag="852" ind1=" " ind2=" ">
         <subfield code="a">DNAL</subfield>
      </datafield>
      <datafield tag="856" ind1="4" ind2="0">
         <subfield code="u">http://dx.doi.org/10.1111/j.1526-100X.2010.00652.x</subfield>
      </datafield>
      <datafield tag="912" ind1=" " ind2=" ">
         <subfield code="a">Article</subfield>
      </datafield>
      <datafield tag="914" ind1=" " ind2=" ">
         <subfield code="a">Journal:jnl3867104</subfield>
         <subfield code="b">1061-2971</subfield>
         <subfield code="c">19</subfield>
         <subfield code="d">4</subfield>
         <subfield code="e">490</subfield>
      </datafield>
      <datafield tag="914" ind1=" " ind2=" ">
         <subfield code="f">Restoration ecology</subfield>
      </datafield>
      <datafield tag="917" ind1=" " ind2=" ">
         <subfield code="a">issued</subfield>
      </datafield>
      <datafield tag="935" ind1=" " ind2=" ">
         <subfield code="a">IND44596095</subfield>
         <subfield code="9">ExL</subfield>
      </datafield>
      <datafield tag="949" ind1=" " ind2=" ">
         <subfield code="a">2013-12-30</subfield>
      </datafield>
      <datafield tag="962" ind1=" " ind2=" ">
         <subfield code="a">Journal ISSN is 1526-100X</subfield>
      </datafield>
      <datafield tag="962" ind1=" " ind2=" ">
         <subfield code="a">Batch:398 annotated on 2013-12-13T12:10:12Z</subfield>
      </datafield>
      <datafield tag="962" ind1=" " ind2=" ">
         <subfield code="a">Batch:398 reviewed on 2013-12-30T11:00:03Z</subfield>
      </datafield>
      <datafield tag="962" ind1=" " ind2=" ">
         <subfield code="a">Batch:398 reviewed on 2013-12-30T16:00:03Z</subfield>
      </datafield>
      <datafield tag="974" ind1=" " ind2=" ">
         <subfield code="a">agid:459845</subfield>
      </datafield>
      <datafield tag="984" ind1=" " ind2=" ">
         <subfield code="a">2011-07-01</subfield>
      </datafield>
      <datafield tag="985" ind1=" " ind2=" ">
         <subfield code="a">Converted from MARCXML to MODS version 3.4 using MARC21slim2MODS3-4.xsl
        (Revision 1.77 2012/03/23)</subfield>
      </datafield>
      <datafield tag="986" ind1=" " ind2=" ">
         <subfield code="a">4596095</subfield>
      </datafield>
   </record>