
   <!--Record: 46-->
   <record>
      <leader>04197nab a2200613 u 4500</leader>
      <controlfield tag="001">9915874382307426</controlfield>
      <controlfield tag="005">20221119094132.0</controlfield>
      <controlfield tag="008">190318e201810 xx |||||o|||||||||||eng||</controlfield>
      <datafield tag="016" ind1="7" ind2=" ">
         <subfield code="a">IND606129641</subfield>
         <subfield code="2">DNAL</subfield>
      </datafield>
      <datafield tag="024" ind1="7" ind2=" ">
         <subfield code="a">10.1016/j.jaridenv.2018.06.002</subfield>
         <subfield code="2">doi</subfield>
      </datafield>
      <datafield tag="035" ind1=" " ind2=" ">
         <subfield code="a">agid:6129641-01nal_inst</subfield>
      </datafield>
      <datafield tag="040" ind1=" " ind2=" ">
         <subfield code="a">AGL</subfield>
         <subfield code="b">eng</subfield>
         <subfield code="c">AGL</subfield>
      </datafield>
      <datafield tag="100" ind1="1" ind2=" ">
         <subfield code="a">Hesselbarth, M.H.K.</subfield>
         <subfield code="e">author</subfield>
         <subfield code="u">Department of Ecosystem Modelling, Büsgen Institute, University of
        Goettingen, Büsgenweg 4, 37077, Göttingen, Germany</subfield>
      </datafield>
      <datafield tag="245" ind1="1" ind2="0">
         <subfield code="a">Density-dependent spatial patterning of woody plants differs between a
        semi-arid and a mesic savanna in South Africa</subfield>
      </datafield>
      <datafield tag="300" ind1=" " ind2=" ">
         <subfield code="a">p. 103-112.</subfield>
      </datafield>
      <datafield tag="520" ind1=" " ind2=" ">
         <subfield code="a">Savannas can be defined by the co-dominance of grasses and trees.
        Interactions between these two life forms are relatively well studied, whereas tree-tree
        interactions attracted increased attention only recently. However, the influence of woody
        plant density on tree-tree interactions is rarely considered. We studied tree-tree
        interactions in a semi-arid and a mesic savanna to test for differences between open and
        dense woody vegetation in relation to broad-scale environmental conditions. We applied
        spatial point pattern analysis to gain a better understanding of processes, such as
        competition, facilitation and disturbances, affecting the spatial distribution of trees.
        Competition between trees was most pronounced in dense vegetation, whereas facilitation
        effects were more common in open vegetation. Further, we found that factors shaping the
        spatial patterns differ with scale. At short tree-to-tree distances, results indicate
        limited seed dispersal as the most influential factor explaining the spatial distribution of
        trees. However, with increasing tree-to-tree distances, environmental heterogeneity in the
        semi-arid savanna and disturbances in the mesic savanna became more important. We conclude
        that studying tree-tree interactions in savannas should explicitly consider the actual woody
        plant density, especially when different savanna types are compared.</subfield>
      </datafield>
      <datafield tag="592" ind1=" " ind2=" ">
         <subfield code="a">Publisher supplied data</subfield>
      </datafield>
      <datafield tag="593" ind1=" " ind2=" ">
         <subfield code="a">PubAg article</subfield>
      </datafield>
      <datafield tag="650" ind1=" " ind2="3">
         <subfield code="a">dry environmental conditions</subfield>
      </datafield>
      <datafield tag="650" ind1=" " ind2="3">
         <subfield code="a">grasses</subfield>
      </datafield>
      <datafield tag="650" ind1=" " ind2="3">
         <subfield code="a">plant density</subfield>
      </datafield>
      <datafield tag="650" ind1=" " ind2="3">
         <subfield code="a">savannas</subfield>
      </datafield>
      <datafield tag="650" ind1=" " ind2="3">
         <subfield code="a">seed dispersal</subfield>
      </datafield>
      <datafield tag="650" ind1=" " ind2="3">
         <subfield code="a">trees</subfield>
      </datafield>
      <datafield tag="650" ind1=" " ind2="3">
         <subfield code="a">woody plants</subfield>
      </datafield>
      <datafield tag="651" ind1=" " ind2="3">
         <subfield code="a">South Africa</subfield>
      </datafield>
      <datafield tag="653" ind1=" " ind2="0">
         <subfield code="a">Competition</subfield>
      </datafield>
      <datafield tag="653" ind1=" " ind2="0">
         <subfield code="a">Facilitation</subfield>
      </datafield>
      <datafield tag="653" ind1=" " ind2="0">
         <subfield code="a">Tree-tree interactions</subfield>
      </datafield>
      <datafield tag="653" ind1=" " ind2="0">
         <subfield code="a">Point pattern analysis</subfield>
      </datafield>
      <datafield tag="700" ind1="1" ind2=" ">
         <subfield code="a">Wiegand, K.</subfield>
         <subfield code="e">author</subfield>
         <subfield code="u">Department of Ecosystem Modelling, Büsgen Institute, University of
        Goettingen, Büsgenweg 4, 37077, Göttingen, Germany</subfield>
      </datafield>
      <datafield tag="700" ind1="1" ind2=" ">
         <subfield code="a">Dreber, N.</subfield>
         <subfield code="e">author</subfield>
         <subfield code="u">Department of Ecosystem Modelling, Büsgen Institute, University of
        Goettingen, Büsgenweg 4, 37077, Göttingen, Germany</subfield>
      </datafield>
      <datafield tag="700" ind1="1" ind2=" ">
         <subfield code="a">Kellner, K.</subfield>
         <subfield code="e">author</subfield>
         <subfield code="u">Unit for Environmental Sciences and Management, North-West University,
        Private Bag X6001, Potchefstroom, 2520, South Africa</subfield>
      </datafield>
      <datafield tag="700" ind1="1" ind2=" ">
         <subfield code="a">Esser, D.</subfield>
         <subfield code="e">author</subfield>
         <subfield code="u">Department of Ecosystem Modelling, Büsgen Institute, University of
        Goettingen, Büsgenweg 4, 37077, Göttingen, Germany</subfield>
      </datafield>
      <datafield tag="700" ind1="1" ind2=" ">
         <subfield code="a">Tsvuura, Z.</subfield>
         <subfield code="e">author</subfield>
         <subfield code="u">Forest Biodiversity Research Unit, School of Life Sciences, University of
        KwaZulu-Natal, Private Bag X01, Scottsville, 3209, South Africa</subfield>
      </datafield>
      <datafield tag="773" ind1="0" ind2=" ">
         <subfield code="t">Journal of arid environments.</subfield>
         <subfield code="g">2018 Oct., v. 157 p.103-112</subfield>
         <subfield code="d">Elsevier Ltd</subfield>
         <subfield code="w">Journal:jnl11719</subfield>
         <subfield code="x">0140-1963</subfield>
         <subfield code="7">nnas</subfield>
      </datafield>
      <datafield tag="787" ind1="1" ind2=" ">
         <subfield code="o">islandora_article_repository</subfield>
      </datafield>
      <datafield tag="787" ind1="1" ind2=" ">
         <subfield code="o">product_pubag</subfield>
      </datafield>
      <datafield tag="787" ind1="1" ind2=" ">
         <subfield code="o">(Journal)jnl11719</subfield>
      </datafield>
      <datafield tag="856" ind1="4" ind2="0">
         <subfield code="u">https://dx.doi.org/10.1016/j.jaridenv.2018.06.002</subfield>
         <subfield code="3">Available from publisher's site</subfield>
      </datafield>
      <datafield tag="912" ind1=" " ind2=" ">
         <subfield code="a">Article</subfield>
      </datafield>
      <datafield tag="914" ind1=" " ind2=" ">
         <subfield code="a">Journal:jnl11719</subfield>
         <subfield code="b">0140-1963</subfield>
         <subfield code="c">157</subfield>
         <subfield code="e">103</subfield>
      </datafield>
      <datafield tag="914" ind1=" " ind2=" ">
         <subfield code="f">Journal of arid environments</subfield>
      </datafield>
      <datafield tag="916" ind1=" " ind2=" ">
         <subfield code="a">Batch:2093</subfield>
      </datafield>
      <datafield tag="917" ind1=" " ind2=" ">
         <subfield code="a">issued</subfield>
      </datafield>
      <datafield tag="918" ind1="2" ind2=" ">
         <subfield code="a">Elsevier Consyn</subfield>
         <subfield code="e">provider</subfield>
         <subfield code="5">DNAL</subfield>
      </datafield>
      <datafield tag="935" ind1=" " ind2=" ">
         <subfield code="a">IND606129641</subfield>
         <subfield code="9">ExL</subfield>
      </datafield>
      <datafield tag="949" ind1=" " ind2=" ">
         <subfield code="a">2019-03-18</subfield>
      </datafield>
      <datafield tag="953" ind1=" " ind2=" ">
         <subfield code="a">/data/metadata/incoming/consyn/46-2-00023-HEAD-ONLY.zip</subfield>
      </datafield>
      <datafield tag="954" ind1=" " ind2=" ">
         <subfield code="a">file:/data/metadata/staging/consyn/S0140196318303422.xml</subfield>
      </datafield>
      <datafield tag="955" ind1=" " ind2=" ">
         <subfield code="a">/data/metadata/staging/consyn/</subfield>
      </datafield>
      <datafield tag="974" ind1=" " ind2=" ">
         <subfield code="a">agid:6129641</subfield>
      </datafield>
      <datafield tag="983" ind1=" " ind2=" ">
         <subfield code="a">2019-03-18</subfield>
      </datafield>
      <datafield tag="984" ind1=" " ind2=" ">
         <subfield code="a">2019-03-18</subfield>
      </datafield>
   </record>