
   <!--Record: 53-->
   <record>
      <leader>05444nab a2200817 u 4500</leader>
      <controlfield tag="001">9916026908607426</controlfield>
      <controlfield tag="005">20221120231800.0</controlfield>
      <controlfield tag="008">180619e201801 xx |||||o|||||||||||eng||</controlfield>
      <datafield tag="016" ind1="7" ind2=" ">
         <subfield code="a">IND605883483</subfield>
         <subfield code="2">DNAL</subfield>
      </datafield>
      <datafield tag="024" ind1="7" ind2=" ">
         <subfield code="a">10.1002/ecy.2051</subfield>
         <subfield code="2">chorus</subfield>
      </datafield>
      <datafield tag="024" ind1="7" ind2=" ">
         <subfield code="a">10.1002/ecy.2051</subfield>
         <subfield code="2">doi</subfield>
      </datafield>
      <datafield tag="024" ind1="7" ind2=" ">
         <subfield code="a">10.1002/ecy.2051</subfield>
         <subfield code="2">chorusOpen</subfield>
      </datafield>
      <datafield tag="035" ind1=" " ind2=" ">
         <subfield code="a">agid:5883483-01nal_inst</subfield>
      </datafield>
      <datafield tag="040" ind1=" " ind2=" ">
         <subfield code="a">AGL</subfield>
         <subfield code="b">eng</subfield>
         <subfield code="c">AGL</subfield>
      </datafield>
      <datafield tag="100" ind1="1" ind2=" ">
         <subfield code="a">Zhou, Yong</subfield>
         <subfield code="e">author</subfield>
         <subfield code="u">Department of Ecosystem Science and Management, Texas A&amp;M University,
        College Station, Texas, 77843, USA</subfield>
         <subfield code="1">http://orcid.org/0000-0003-2546-8462</subfield>
      </datafield>
      <datafield tag="245" ind1="1" ind2="0">
         <subfield code="a">Woody plant encroachment amplifies spatial heterogeneity of soil phosphorus
        to considerable depth</subfield>
      </datafield>
      <datafield tag="300" ind1=" " ind2=" ">
         <subfield code="a">p. 136-147.</subfield>
      </datafield>
      <datafield tag="500" ind1=" " ind2=" ">
         <subfield code="a">JOURNAL ARTICLE</subfield>
      </datafield>
      <datafield tag="506" ind1=" " ind2=" ">
         <subfield code="a">Resource is Open Access</subfield>
         <subfield code="f">Unrestricted online access</subfield>
         <subfield code="2">star</subfield>
      </datafield>
      <datafield tag="506" ind1=" " ind2=" ">
         <subfield code="a">Wiley License Information</subfield>
         <subfield code="f">Unrestricted online access</subfield>
         <subfield code="2">star</subfield>
      </datafield>
      <datafield tag="520" ind1=" " ind2=" ">
         <subfield code="a">The geographically extensive phenomenon of woody plant encroachment into
        grass‐dominated ecosystems has strong potential to influence biogeochemical cycles at
        ecosystem to global scales. Previous research has focused almost exclusively on quantifying
        pool sizes and flux rates of soil carbon and nitrogen (N), while few studies have examined
        the impact of woody encroachment on soil phosphorus (P) cycling. Moreover, little is known
        regarding the impact of woody encroachment on the depth distribution of soil total P at the
        landscape scale. We quantified patterns of spatial heterogeneity in soil total P along a
        soil profile by taking spatially explicit soil cores to a depth of 120 cm across a
        subtropical savanna landscape that has undergone encroachment by Prosopis glandulosa (an
        N₂‐fixer) and other tree/shrub species during the past century. Soil total P increased
        significantly following woody encroachment throughout the entire 120‐cm soil profile. Large
        groves (&gt;100 m²) and small discrete clusters (&lt;100 m²) accumulated 53 and 10 g P/m²
        more soil P, respectively, compared to grasslands. This P accumulation in soils beneath
        woody patches is most likely attributable to P uplift by roots located deep in the soil
        profile (&gt;120 cm) and transfer to upper portions of the profile via litterfall and root
        turnover. Woody encroachment also altered patterns of spatial heterogeneity in soil total P
        in the horizontal plane, with highest values at the centers of woody patches, decreasing
        toward the edges, and reaching lowest values in the surrounding grassland matrix. These
        spatial patterns were evident throughout the upper 1.2 m of the soil profile, albeit at
        reduced magnitude deeper in the soil profile. Spatial generalized least squares models
        indicated that fine root biomass explained a significant proportion of the variation in soil
        total P both across the landscape and throughout the profile. Our findings suggest that
        transfer of P from deeper soil layers enlarges the P pool in upper soil layers where it is
        more actively cycled may be a potential strategy for encroaching woody species to satisfy
        their P demands.</subfield>
      </datafield>
      <datafield tag="592" ind1=" " ind2=" ">
         <subfield code="a">Publisher supplied data</subfield>
      </datafield>
      <datafield tag="593" ind1=" " ind2=" ">
         <subfield code="a">PubAg article</subfield>
      </datafield>
      <datafield tag="596" ind1=" " ind2=" ">
         <subfield code="c">Department Ecosystem Science and Management Texas A and M
        University</subfield>
         <subfield code="d">https://doi.org/10.13039/100015821</subfield>
      </datafield>
      <datafield tag="596" ind1=" " ind2=" ">
         <subfield code="c">Explorers Club</subfield>
         <subfield code="d">https://doi.org/10.13039/100002861</subfield>
      </datafield>
      <datafield tag="596" ind1=" " ind2=" ">
         <subfield code="c">NSF</subfield>
         <subfield code="d">https://doi.org/10.13039/100000001</subfield>
      </datafield>
      <datafield tag="596" ind1=" " ind2=" ">
         <subfield code="c">Southwestern Association of Naturalists</subfield>
         <subfield code="d">https://doi.org/10.13039/100007121</subfield>
      </datafield>
      <datafield tag="596" ind1=" " ind2=" ">
         <subfield code="c">Texas A and M University</subfield>
         <subfield code="d">https://doi.org/10.13039/100007904</subfield>
      </datafield>
      <datafield tag="596" ind1=" " ind2=" ">
         <subfield code="c">USDA</subfield>
         <subfield code="d">https://doi.org/10.13039/100000199</subfield>
      </datafield>
      <datafield tag="650" ind1=" " ind2="3">
         <subfield code="a">Prosopis glandulosa</subfield>
      </datafield>
      <datafield tag="650" ind1=" " ind2="3">
         <subfield code="a">biogeochemical cycles</subfield>
      </datafield>
      <datafield tag="650" ind1=" " ind2="3">
         <subfield code="a">biomass</subfield>
      </datafield>
      <datafield tag="650" ind1=" " ind2="3">
         <subfield code="a">carbon</subfield>
      </datafield>
      <datafield tag="650" ind1=" " ind2="3">
         <subfield code="a">ecosystems</subfield>
      </datafield>
      <datafield tag="650" ind1=" " ind2="3">
         <subfield code="a">fine roots</subfield>
      </datafield>
      <datafield tag="650" ind1=" " ind2="3">
         <subfield code="a">grasslands</subfield>
      </datafield>
      <datafield tag="650" ind1=" " ind2="3">
         <subfield code="a">groves</subfield>
      </datafield>
      <datafield tag="650" ind1=" " ind2="3">
         <subfield code="a">landscapes</subfield>
      </datafield>
      <datafield tag="650" ind1=" " ind2="3">
         <subfield code="a">least squares</subfield>
      </datafield>
      <datafield tag="650" ind1=" " ind2="3">
         <subfield code="a">models</subfield>
      </datafield>
      <datafield tag="650" ind1=" " ind2="3">
         <subfield code="a">nitrogen</subfield>
      </datafield>
      <datafield tag="650" ind1=" " ind2="3">
         <subfield code="a">phosphorus</subfield>
      </datafield>
      <datafield tag="650" ind1=" " ind2="3">
         <subfield code="a">plant litter</subfield>
      </datafield>
      <datafield tag="650" ind1=" " ind2="3">
         <subfield code="a">savannas</subfield>
      </datafield>
      <datafield tag="650" ind1=" " ind2="3">
         <subfield code="a">shrubs</subfield>
      </datafield>
      <datafield tag="650" ind1=" " ind2="3">
         <subfield code="a">soil profiles</subfield>
      </datafield>
      <datafield tag="650" ind1=" " ind2="3">
         <subfield code="a">spatial variation</subfield>
      </datafield>
      <datafield tag="650" ind1=" " ind2="3">
         <subfield code="a">trees</subfield>
      </datafield>
      <datafield tag="650" ind1=" " ind2="3">
         <subfield code="a">woody plants</subfield>
      </datafield>
      <datafield tag="700" ind1="1" ind2=" ">
         <subfield code="a">Boutton, Thomas W.</subfield>
         <subfield code="e">author</subfield>
         <subfield code="u">Department of Ecosystem Science and Management, Texas A&amp;M University,
        College Station, Texas, 77843, USA</subfield>
         <subfield code="1">http://orcid.org/0000-0002-7522-5728</subfield>
      </datafield>
      <datafield tag="700" ind1="1" ind2=" ">
         <subfield code="a">Wu, X. Ben</subfield>
         <subfield code="e">author</subfield>
         <subfield code="u">Department of Ecosystem Science and Management, Texas A&amp;M University,
        College Station, Texas, 77843, USA</subfield>
         <subfield code="1">http://orcid.org/0000-0001-5947-3118</subfield>
      </datafield>
      <datafield tag="773" ind1="0" ind2=" ">
         <subfield code="t">Ecology.</subfield>
         <subfield code="g">2018 Jan., v. 99, no. 1 p.136-147</subfield>
         <subfield code="d">John Wiley &amp; Sons, Ltd</subfield>
         <subfield code="w">Journal:jnl46164</subfield>
         <subfield code="x">0012-9658</subfield>
         <subfield code="7">nnas</subfield>
      </datafield>
      <datafield tag="787" ind1="1" ind2=" ">
         <subfield code="o">islandora_article_repository</subfield>
      </datafield>
      <datafield tag="787" ind1="1" ind2=" ">
         <subfield code="o">product_pubag</subfield>
      </datafield>
      <datafield tag="787" ind1="1" ind2=" ">
         <subfield code="o">(Journal)jnl46164</subfield>
      </datafield>
      <datafield tag="856" ind1="4" ind2="0">
         <subfield code="u">https://dx.doi.org/10.1002/ecy.2051</subfield>
         <subfield code="3">Available from publisher's site</subfield>
      </datafield>
      <datafield tag="903" ind1=" " ind2=" ">
         <subfield code="a">Version of Record</subfield>
      </datafield>
      <datafield tag="912" ind1=" " ind2=" ">
         <subfield code="a">Article</subfield>
      </datafield>
      <datafield tag="914" ind1=" " ind2=" ">
         <subfield code="a">Journal:jnl46164</subfield>
         <subfield code="b">0012-9658</subfield>
         <subfield code="c">99</subfield>
         <subfield code="d">1</subfield>
         <subfield code="e">136</subfield>
      </datafield>
      <datafield tag="914" ind1=" " ind2=" ">
         <subfield code="f">Ecology</subfield>
      </datafield>
      <datafield tag="916" ind1=" " ind2=" ">
         <subfield code="a">Batch:1909</subfield>
      </datafield>
      <datafield tag="917" ind1=" " ind2=" ">
         <subfield code="a">issued</subfield>
      </datafield>
      <datafield tag="918" ind1="2" ind2=" ">
         <subfield code="a">John Wiley &amp; Sons, Inc</subfield>
         <subfield code="e">provider</subfield>
         <subfield code="5">DNAL</subfield>
      </datafield>
      <datafield tag="935" ind1=" " ind2=" ">
         <subfield code="a">IND605883483</subfield>
         <subfield code="9">ExL</subfield>
      </datafield>
      <datafield tag="949" ind1=" " ind2=" ">
         <subfield code="a">2020-03-06</subfield>
      </datafield>
      <datafield tag="953" ind1=" " ind2=" ">
         <subfield code="a">/data/metadata/incoming/wiley/00129658_2018_99_1.xml</subfield>
      </datafield>
      <datafield tag="954" ind1=" " ind2=" ">
         <subfield code="a">file:/data/metadata/staging/wiley/00129658_2018_99_1.xml</subfield>
      </datafield>
      <datafield tag="955" ind1=" " ind2=" ">
         <subfield code="a">/data/metadata/staging/wiley/</subfield>
      </datafield>
      <datafield tag="974" ind1=" " ind2=" ">
         <subfield code="a">agid:5883483</subfield>
      </datafield>
      <datafield tag="983" ind1=" " ind2=" ">
         <subfield code="a">2018-06-19</subfield>
      </datafield>
      <datafield tag="984" ind1=" " ind2=" ">
         <subfield code="a">2020-03-06</subfield>
      </datafield>
   </record>