
   <!--Record: 55-->
   <record>
      <leader>04629nab a2200613 u 4500</leader>
      <controlfield tag="001">9916026994407426</controlfield>
      <controlfield tag="005">20221121140017.0</controlfield>
      <controlfield tag="008">180619e201702 xx |||||o|||||||||||eng||</controlfield>
      <datafield tag="016" ind1="7" ind2=" ">
         <subfield code="a">IND605737563</subfield>
         <subfield code="2">DNAL</subfield>
      </datafield>
      <datafield tag="024" ind1="7" ind2=" ">
         <subfield code="a">10.1007/s11295-016-1086-8</subfield>
         <subfield code="2">doi</subfield>
      </datafield>
      <datafield tag="035" ind1=" " ind2=" ">
         <subfield code="a">agid:5737563-01nal_inst</subfield>
      </datafield>
      <datafield tag="040" ind1=" " ind2=" ">
         <subfield code="a">AGL</subfield>
         <subfield code="b">eng</subfield>
         <subfield code="c">AGL</subfield>
      </datafield>
      <datafield tag="100" ind1="1" ind2=" ">
         <subfield code="a">Vitelli, Martina</subfield>
         <subfield code="e">author</subfield>
         <subfield code="u">Dipartimento di Scienze Agrarie e Forestali (DAFNE), Università degli studi
        della Tuscia, via S. Camillo de’ Lellis, 01100, Viterbo, Italy</subfield>
      </datafield>
      <datafield tag="245" ind1="1" ind2="0">
         <subfield code="a">Phylogeographic structuring of plastome diversity in Mediterranean oaks
        (Quercus Group Ilex, Fagaceae)</subfield>
      </datafield>
      <datafield tag="300" ind1=" " ind2=" ">
         <subfield code="a">p. 3.</subfield>
      </datafield>
      <datafield tag="520" ind1=" " ind2=" ">
         <subfield code="a">Oaks of Quercus Group Ilex are emblematic components of the Mediterranean
        landscapes and the full extent of their diversity in a geographic context is still poorly
        assessed. In order to detail differentiation patterns within Group Ilex and to illuminate
        causes and circumstances that underlie the distribution of its lineages, we examined
        plastome differentiation in the four species currently representing this oak group across
        the Mediterranean Basin (Quercus ilex, Quercus coccifera, Quercus aucheri, Quercus
        alnifolia). Plastid DNA variation was explored with three markers on 124 individuals and
        spatial analyses were performed with phylogenetic and landscape genetics approaches. A
        strong geographic sorting, entirely decoupled from species boundaries, was found. Spatial
        coincidences with phylogenetic splits highlights the presence of four geographic regions
        (the Middle East, the Aegean region, the central and the western Mediterranean)
        characterised by different degrees of isolation. Distinct sub-regional structures were
        identified. Inter- and intra-lineage divergence patterns appear to reflect the complex
        orogeny of the Mediterranean region and Pleistocene climatic oscillations, while a few
        widespread haplotypes might represent the remnants of the ancestral Group Ilex range.
        Regional differentiation in this group is recognised to be triggered by a number of factors,
        including disruption of the original range, incomplete lineage sorting, repeated phases of
        asymmetrical introgression and isolation. The key role played by some Mediterranean regions
        on the range establishment and dynamics of this oak group is discussed.</subfield>
      </datafield>
      <datafield tag="592" ind1=" " ind2=" ">
         <subfield code="a">Publisher supplied data</subfield>
      </datafield>
      <datafield tag="593" ind1=" " ind2=" ">
         <subfield code="a">PubAg article</subfield>
      </datafield>
      <datafield tag="650" ind1=" " ind2="3">
         <subfield code="a">Quercus coccifera</subfield>
      </datafield>
      <datafield tag="650" ind1=" " ind2="3">
         <subfield code="a">Quercus ilex</subfield>
      </datafield>
      <datafield tag="650" ind1=" " ind2="3">
         <subfield code="a">basins</subfield>
      </datafield>
      <datafield tag="650" ind1=" " ind2="3">
         <subfield code="a">haplotypes</subfield>
      </datafield>
      <datafield tag="650" ind1=" " ind2="3">
         <subfield code="a">introgression</subfield>
      </datafield>
      <datafield tag="650" ind1=" " ind2="3">
         <subfield code="a">landscapes</subfield>
      </datafield>
      <datafield tag="650" ind1=" " ind2="3">
         <subfield code="a">phylogeny</subfield>
      </datafield>
      <datafield tag="650" ind1=" " ind2="3">
         <subfield code="a">phylogeography</subfield>
      </datafield>
      <datafield tag="650" ind1=" " ind2="3">
         <subfield code="a">plastid DNA</subfield>
      </datafield>
      <datafield tag="651" ind1=" " ind2="3">
         <subfield code="a">Mediterranean region</subfield>
      </datafield>
      <datafield tag="651" ind1=" " ind2="3">
         <subfield code="a">Middle East</subfield>
      </datafield>
      <datafield tag="700" ind1="1" ind2=" ">
         <subfield code="a">Vessella, Federico</subfield>
         <subfield code="e">author</subfield>
         <subfield code="u">Dipartimento di Scienze Agrarie e Forestali (DAFNE), Università degli studi
        della Tuscia, via S. Camillo de’ Lellis, 01100, Viterbo, Italy</subfield>
      </datafield>
      <datafield tag="700" ind1="1" ind2=" ">
         <subfield code="a">Cardoni, Simone</subfield>
         <subfield code="e">author</subfield>
         <subfield code="u">Dipartimento di Scienze Agrarie e Forestali (DAFNE), Università degli studi
        della Tuscia, via S. Camillo de’ Lellis, 01100, Viterbo, Italy</subfield>
      </datafield>
      <datafield tag="700" ind1="1" ind2=" ">
         <subfield code="a">Pollegioni, Paola</subfield>
         <subfield code="e">author</subfield>
         <subfield code="u">National Research Council, Institute of Agro-environmental and Forest
        Biology, viale Marconi 2, 05010, Porano, TR, Italy</subfield>
      </datafield>
      <datafield tag="700" ind1="1" ind2=" ">
         <subfield code="a">Denk, Thomas</subfield>
         <subfield code="e">author</subfield>
         <subfield code="u">Department of Palaeobiology, Swedish Museum of Natural History, Box 50007,
        10405, Stockholm, Sweden</subfield>
      </datafield>
      <datafield tag="700" ind1="1" ind2=" ">
         <subfield code="a">Grimm, GuidoW.</subfield>
         <subfield code="e">author</subfield>
         <subfield code="u">Department of Palaeontology, University of Wien, Althanstrasse 14 (UZA II),
        1090, Wien, Austria</subfield>
      </datafield>
      <datafield tag="700" ind1="1" ind2=" ">
         <subfield code="a">Simeone, MarcoCosimo</subfield>
         <subfield code="e">author</subfield>
         <subfield code="u">Dipartimento di Scienze Agrarie e Forestali (DAFNE), Università degli studi
        della Tuscia, via S. Camillo de’ Lellis, 01100, Viterbo, Italy.
        mcsimeone@unitus.it</subfield>
         <subfield code="1">http://orcid.org/0000-0003-3798-9580</subfield>
      </datafield>
      <datafield tag="773" ind1="0" ind2=" ">
         <subfield code="t">Tree genetics &amp; genomes.</subfield>
         <subfield code="g">2017 Feb., v. 13, no. 1 p.3-3</subfield>
         <subfield code="d">Springer Berlin Heidelberg</subfield>
         <subfield code="w">Journal:jnl3949857</subfield>
         <subfield code="x">1614-2942</subfield>
         <subfield code="7">nnas</subfield>
      </datafield>
      <datafield tag="787" ind1="1" ind2=" ">
         <subfield code="o">islandora_article_repository</subfield>
      </datafield>
      <datafield tag="787" ind1="1" ind2=" ">
         <subfield code="o">product_pubag</subfield>
      </datafield>
      <datafield tag="787" ind1="1" ind2=" ">
         <subfield code="o">(Journal)jnl3949857</subfield>
      </datafield>
      <datafield tag="856" ind1="4" ind2="0">
         <subfield code="u">https://dx.doi.org/10.1007/s11295-016-1086-8</subfield>
         <subfield code="3">Available from publisher's site</subfield>
      </datafield>
      <datafield tag="912" ind1=" " ind2=" ">
         <subfield code="a">Article</subfield>
      </datafield>
      <datafield tag="914" ind1=" " ind2=" ">
         <subfield code="a">Journal:jnl3949857</subfield>
         <subfield code="b">1614-2942</subfield>
         <subfield code="c">13</subfield>
         <subfield code="d">1</subfield>
         <subfield code="e">3</subfield>
      </datafield>
      <datafield tag="914" ind1=" " ind2=" ">
         <subfield code="f">Tree genetics &amp; genomes</subfield>
      </datafield>
      <datafield tag="916" ind1=" " ind2=" ">
         <subfield code="a">Batch:1827</subfield>
      </datafield>
      <datafield tag="917" ind1=" " ind2=" ">
         <subfield code="a">issued</subfield>
      </datafield>
      <datafield tag="918" ind1="2" ind2=" ">
         <subfield code="a">Springer</subfield>
         <subfield code="e">provider</subfield>
         <subfield code="5">DNAL</subfield>
      </datafield>
      <datafield tag="935" ind1=" " ind2=" ">
         <subfield code="a">IND605737563</subfield>
         <subfield code="9">ExL</subfield>
      </datafield>
      <datafield tag="949" ind1=" " ind2=" ">
         <subfield code="a">2018-06-19</subfield>
      </datafield>
      <datafield tag="953" ind1=" " ind2=" ">
         <subfield code="a">/data/metadata/incoming/springer/ftp_PUB_16-12-22_05-29-06.zip</subfield>
      </datafield>
      <datafield tag="954" ind1=" " ind2=" ">
         <subfield code="a">file:/data/metadata/staging/springer/11295-13-1.xml</subfield>
      </datafield>
      <datafield tag="955" ind1=" " ind2=" ">
         <subfield code="a">/data/metadata/staging/springer/</subfield>
      </datafield>
      <datafield tag="974" ind1=" " ind2=" ">
         <subfield code="a">agid:5737563</subfield>
      </datafield>
      <datafield tag="983" ind1=" " ind2=" ">
         <subfield code="a">2018-06-19</subfield>
      </datafield>
      <datafield tag="984" ind1=" " ind2=" ">
         <subfield code="a">2018-06-19</subfield>
      </datafield>
   </record>