
   <!--Record: 57-->
   <record>
      <leader>04617nab a2200721 u 4500</leader>
      <controlfield tag="001">9916027086807426</controlfield>
      <controlfield tag="005">20221120101229.0</controlfield>
      <controlfield tag="008">190529e20190801xx |||||o|||||||||||eng||</controlfield>
      <datafield tag="016" ind1="7" ind2=" ">
         <subfield code="a">IND606392731</subfield>
         <subfield code="2">DNAL</subfield>
      </datafield>
      <datafield tag="024" ind1="7" ind2=" ">
         <subfield code="a">10.1016/j.palaeo.2019.04.022</subfield>
         <subfield code="2">doi</subfield>
      </datafield>
      <datafield tag="035" ind1=" " ind2=" ">
         <subfield code="a">agid:6392731-01nal_inst</subfield>
      </datafield>
      <datafield tag="040" ind1=" " ind2=" ">
         <subfield code="a">AGL</subfield>
         <subfield code="b">eng</subfield>
         <subfield code="c">AGL</subfield>
      </datafield>
      <datafield tag="100" ind1="1" ind2=" ">
         <subfield code="a">Chen, Wen-Yun</subfield>
         <subfield code="e">author</subfield>
         <subfield code="u">Department of Economic Plants and Biotechnology, Yunnan Key Laboratory for
        Wild Plant Resources, Kunming Institute of Botany, Chinese Academy of Sciences, Kunming
        650201, China</subfield>
      </datafield>
      <datafield tag="245" ind1="1" ind2="4">
         <subfield code="a">The relationship between leaf physiognomy and climate based on a large
        modern dataset: Implications for palaeoclimate reconstructions in China</subfield>
      </datafield>
      <datafield tag="300" ind1=" " ind2=" ">
         <subfield code="a">p. 1-13.</subfield>
      </datafield>
      <datafield tag="520" ind1=" " ind2=" ">
         <subfield code="a">In this paper, correlation between modern leaf physiognomy and climate in
        China are examined, to optimize the use of leaf characters as a palaeoclimate proxy. A large
        dataset was compiled, recording the distribution of leaf physiognomic characters among 3166
        native dicot trees species across 732 calibration grids on a county level. Grids span a
        range of ecological environments (tropical rainforests to alpine shrubs) across humid areas.
        Thirteen climatic parameters were included for each grid and 22 leaf physiognomic characters
        were scored for each tree species. The correlation between leaf physiognomic characters and
        climatic parameters were calculated based on single linear regressions (SLR) and multiple
        linear regressions (MLR). Results indicate clear spatial distribution patterns, linked to
        latitude, exist for all leaf characters, with temperature (Coldest Month Mean Temperature,
        CMMT) and precipitation (Growing Season Precipitation, GSP) being the main climate controls.
        Moreover, because leaf characters are more closely correlated with Precipitation during the
        Three Wettest Consecutive Months (P3WET), rather than with Precipitation during the Three
        Driest Consecutive Months (P3DRY), seasonal variations in rainfall associated with the Asian
        Monsoon might especially influence leaf physiognomic characters. Closer correlations between
        leaf physiognomy and climate are seen using MLR compared with SLR; therefore Mean Annual
        Temperature (MAT) and Mean Annual Precipitation (MAP) based on MLR equations provide the
        most promising basis for palaeoclimate reconstructions in China.</subfield>
      </datafield>
      <datafield tag="592" ind1=" " ind2=" ">
         <subfield code="a">Publisher supplied data</subfield>
      </datafield>
      <datafield tag="593" ind1=" " ind2=" ">
         <subfield code="a">PubAg article</subfield>
      </datafield>
      <datafield tag="650" ind1=" " ind2="3">
         <subfield code="a">Magnoliopsida</subfield>
      </datafield>
      <datafield tag="650" ind1=" " ind2="3">
         <subfield code="a">climate</subfield>
      </datafield>
      <datafield tag="650" ind1=" " ind2="3">
         <subfield code="a">data collection</subfield>
      </datafield>
      <datafield tag="650" ind1=" " ind2="3">
         <subfield code="a">equations</subfield>
      </datafield>
      <datafield tag="650" ind1=" " ind2="3">
         <subfield code="a">growing season</subfield>
      </datafield>
      <datafield tag="650" ind1=" " ind2="3">
         <subfield code="a">latitude</subfield>
      </datafield>
      <datafield tag="650" ind1=" " ind2="3">
         <subfield code="a">leaves</subfield>
      </datafield>
      <datafield tag="650" ind1=" " ind2="3">
         <subfield code="a">monsoon season</subfield>
      </datafield>
      <datafield tag="650" ind1=" " ind2="3">
         <subfield code="a">paleoclimatology</subfield>
      </datafield>
      <datafield tag="650" ind1=" " ind2="3">
         <subfield code="a">rain</subfield>
      </datafield>
      <datafield tag="650" ind1=" " ind2="3">
         <subfield code="a">seasonal variation</subfield>
      </datafield>
      <datafield tag="650" ind1=" " ind2="3">
         <subfield code="a">shrubs</subfield>
      </datafield>
      <datafield tag="650" ind1=" " ind2="3">
         <subfield code="a">temperature</subfield>
      </datafield>
      <datafield tag="650" ind1=" " ind2="3">
         <subfield code="a">trees</subfield>
      </datafield>
      <datafield tag="650" ind1=" " ind2="3">
         <subfield code="a">tropical rain forests</subfield>
      </datafield>
      <datafield tag="651" ind1=" " ind2="3">
         <subfield code="a">China</subfield>
      </datafield>
      <datafield tag="653" ind1=" " ind2="0">
         <subfield code="a">Dicot trees</subfield>
      </datafield>
      <datafield tag="653" ind1=" " ind2="0">
         <subfield code="a">Distribution pattern</subfield>
      </datafield>
      <datafield tag="653" ind1=" " ind2="0">
         <subfield code="a">Asian Monsoon</subfield>
      </datafield>
      <datafield tag="653" ind1=" " ind2="0">
         <subfield code="a">Multivariate statistics</subfield>
      </datafield>
      <datafield tag="653" ind1=" " ind2="0">
         <subfield code="a">Precipitation</subfield>
      </datafield>
      <datafield tag="653" ind1=" " ind2="0">
         <subfield code="a">Temperature</subfield>
      </datafield>
      <datafield tag="700" ind1="1" ind2=" ">
         <subfield code="a">Su, Tao</subfield>
         <subfield code="e">author</subfield>
         <subfield code="u">CAS Key laboratory of Tropical Forest Ecology, Xishuangbanna Tropical
        Botanical Garden, Chinese Academy of Sciences, Mengla 666303, China</subfield>
         <subfield code="1">https://orcid.org/0000-0002-9148-6127</subfield>
      </datafield>
      <datafield tag="700" ind1="1" ind2=" ">
         <subfield code="a">Jia, Lin-Bo</subfield>
         <subfield code="e">author</subfield>
         <subfield code="u">Key Laboratory for Plant Diversity and Biogeography of East Asia, Kunming
        Institute of Botany, Chinese Academy of Sciences, Kunming 650201, China</subfield>
      </datafield>
      <datafield tag="700" ind1="1" ind2=" ">
         <subfield code="a">Zhou, Zhe-Kun</subfield>
         <subfield code="e">author</subfield>
         <subfield code="u">Key Laboratory for Plant Diversity and Biogeography of East Asia, Kunming
        Institute of Botany, Chinese Academy of Sciences, Kunming 650201, China</subfield>
         <subfield code="1">https://orcid.org/0000-0002-0710-2128</subfield>
      </datafield>
      <datafield tag="773" ind1="0" ind2=" ">
         <subfield code="t">Palaeogeography, palaeoclimatology, palaeoecology.</subfield>
         <subfield code="g">2019 Aug. 01, v. 527 p.1-13</subfield>
         <subfield code="d">Elsevier B.V.</subfield>
         <subfield code="w">Journal:2694</subfield>
         <subfield code="x">0031-0182</subfield>
         <subfield code="7">nnas</subfield>
      </datafield>
      <datafield tag="787" ind1="1" ind2=" ">
         <subfield code="o">islandora_article_repository</subfield>
      </datafield>
      <datafield tag="787" ind1="1" ind2=" ">
         <subfield code="o">product_pubag</subfield>
      </datafield>
      <datafield tag="787" ind1="1" ind2=" ">
         <subfield code="o">(Journal)2694</subfield>
      </datafield>
      <datafield tag="856" ind1="4" ind2="0">
         <subfield code="u">https://dx.doi.org/10.1016/j.palaeo.2019.04.022</subfield>
         <subfield code="3">Available from publisher's site</subfield>
      </datafield>
      <datafield tag="912" ind1=" " ind2=" ">
         <subfield code="a">Article</subfield>
      </datafield>
      <datafield tag="914" ind1=" " ind2=" ">
         <subfield code="a">Journal:2694</subfield>
         <subfield code="b">0031-0182</subfield>
      </datafield>
      <datafield tag="914" ind1=" " ind2=" ">
         <subfield code="f">Palaeogeography, palaeoclimatology, palaeoecology</subfield>
      </datafield>
      <datafield tag="916" ind1=" " ind2=" ">
         <subfield code="a">Batch:2220</subfield>
      </datafield>
      <datafield tag="917" ind1=" " ind2=" ">
         <subfield code="a">issued</subfield>
      </datafield>
      <datafield tag="918" ind1="2" ind2=" ">
         <subfield code="a">Elsevier Consyn</subfield>
         <subfield code="e">provider</subfield>
         <subfield code="5">DNAL</subfield>
      </datafield>
      <datafield tag="935" ind1=" " ind2=" ">
         <subfield code="a">IND606392731</subfield>
         <subfield code="9">ExL</subfield>
      </datafield>
      <datafield tag="949" ind1=" " ind2=" ">
         <subfield code="a">2019-06-13</subfield>
      </datafield>
      <datafield tag="953" ind1=" " ind2=" ">
         <subfield code="a">/data/metadata/incoming/consyn/7414-00001-HEAD-ONLY-NEW CONSYN
        ISSNS.zip</subfield>
      </datafield>
      <datafield tag="954" ind1=" " ind2=" ">
         <subfield code="a">file:/data/metadata/staging/consyn/S0031018218310964.xml</subfield>
      </datafield>
      <datafield tag="955" ind1=" " ind2=" ">
         <subfield code="a">/data/metadata/staging/consyn/</subfield>
      </datafield>
      <datafield tag="962" ind1=" " ind2=" ">
         <subfield code="a">Batch:2220 reviewed on 2019-06-13T04:00:03Z</subfield>
      </datafield>
      <datafield tag="974" ind1=" " ind2=" ">
         <subfield code="a">agid:6392731</subfield>
      </datafield>
      <datafield tag="983" ind1=" " ind2=" ">
         <subfield code="a">2019-05-29</subfield>
      </datafield>
      <datafield tag="984" ind1=" " ind2=" ">
         <subfield code="a">2019-06-13</subfield>
      </datafield>
   </record>