
   <!--Record: 58-->
   <record>
      <leader>04853nab a2200625 u 4500</leader>
      <controlfield tag="001">9916027357407426</controlfield>
      <controlfield tag="005">20221122040434.0</controlfield>
      <controlfield tag="008">190424e201904 xx |||||o|||||||||||eng||</controlfield>
      <datafield tag="016" ind1="7" ind2=" ">
         <subfield code="a">IND606378238</subfield>
         <subfield code="2">DNAL</subfield>
      </datafield>
      <datafield tag="024" ind1="7" ind2=" ">
         <subfield code="a">10.1111/jav.01943</subfield>
         <subfield code="2">doi</subfield>
      </datafield>
      <datafield tag="035" ind1=" " ind2=" ">
         <subfield code="a">agid:6378238-01nal_inst</subfield>
      </datafield>
      <datafield tag="040" ind1=" " ind2=" ">
         <subfield code="a">AGL</subfield>
         <subfield code="b">eng</subfield>
         <subfield code="c">AGL</subfield>
      </datafield>
      <datafield tag="100" ind1="1" ind2=" ">
         <subfield code="a">Soares, Leonardo Moura dos Santos</subfield>
         <subfield code="e">author</subfield>
         <subfield code="u">Curso de Pós‐Graduação em Zoologia, Univ. Federal do Pará/Museu Paraense
        Emílio Goeldi, Belém, Pará, Brazil</subfield>
      </datafield>
      <datafield tag="245" ind1="1" ind2="0">
         <subfield code="a">Molecular systematics, biogeography and taxonomy of forest‐falcons in the
        Micrastur ruficollis species complex (Aves: Falconidae)</subfield>
      </datafield>
      <datafield tag="500" ind1=" " ind2=" ">
         <subfield code="a">JOURNAL ARTICLE</subfield>
      </datafield>
      <datafield tag="520" ind1=" " ind2=" ">
         <subfield code="a">We gathered molecular data to assess phylogenetic and phylogeographic
        patterns for widespread lineages of Neotropical forest falcons in the genus Micrastur to: 1)
        investigate the comparative phylogeography of four species from the M. ruficollis complex
        (M. ruficollis, M. gilvicollis, M. plumbeus and M. mintoni), to identify the temporal and
        spatial context of the group's diversification; and 2) to reevaluate, based on molecular
        characters, the taxonomic status and interspecific boundaries within this complex. Molecular
        phylogenies were based on sequences of the mitochondrial genes ND2 and Cyt b and the nuclear
        genes FIB5 and MUSK from 119 specimens, including M. mirandollei and M. semitorquatus as
        outgroups. The phylogenetic trees obtained by BI and a Species Tree analysis recovered the
        monophyly of currently accepted species belonging to the M. ruficollis complex. The dates in
        our tree indicate that the separation of species within the complex occurred 2–4 million yr
        ago, initiating during the Neogene (Pliocene). However, when compared to most such widely
        distributed Neotropical lineages, the diversification within the M. ruficollis complex
        appears more recent (i.e. centered in the Late Pleistocene). Our results demonstrate the
        existence of eleven geographic lineages (subclades) in M. ruficollis, M. gilvicollis and M.
        mintoni, which differ genetically from each other and therefore can be interpreted as
        distinct evolutionary lineages and possibly separate species under lineage‐based species
        concepts. However, BPP results failed to recognize with strong statistical support any of
        these subclades as distinct species. Distinct subclades in the M. ruficollis complex are
        limited by the principal tributaries of the Amazon River and the Andes, suggesting that
        these modern barriers limit gene flow and thereby could have promoted differentiation mostly
        during the Pleistocene. However, our results indicate widely disparate responses to
        individual barriers across subclades, supporting lineage‐specific histories throughout the
        Neotropics.</subfield>
      </datafield>
      <datafield tag="592" ind1=" " ind2=" ">
         <subfield code="a">Publisher supplied data</subfield>
      </datafield>
      <datafield tag="593" ind1=" " ind2=" ">
         <subfield code="a">PubAg article</subfield>
      </datafield>
      <datafield tag="650" ind1=" " ind2="3">
         <subfield code="a">Falconidae</subfield>
      </datafield>
      <datafield tag="650" ind1=" " ind2="3">
         <subfield code="a">Neotropics</subfield>
      </datafield>
      <datafield tag="650" ind1=" " ind2="3">
         <subfield code="a">Pleistocene epoch</subfield>
      </datafield>
      <datafield tag="650" ind1=" " ind2="3">
         <subfield code="a">falcons</subfield>
      </datafield>
      <datafield tag="650" ind1=" " ind2="3">
         <subfield code="a">gene flow</subfield>
      </datafield>
      <datafield tag="650" ind1=" " ind2="3">
         <subfield code="a">mitochondrial genes</subfield>
      </datafield>
      <datafield tag="650" ind1=" " ind2="3">
         <subfield code="a">molecular systematics</subfield>
      </datafield>
      <datafield tag="650" ind1=" " ind2="3">
         <subfield code="a">monophyly</subfield>
      </datafield>
      <datafield tag="650" ind1=" " ind2="3">
         <subfield code="a">phylogeography</subfield>
      </datafield>
      <datafield tag="650" ind1=" " ind2="3">
         <subfield code="a">trees</subfield>
      </datafield>
      <datafield tag="650" ind1=" " ind2="3">
         <subfield code="a">tropical forests</subfield>
      </datafield>
      <datafield tag="651" ind1=" " ind2="3">
         <subfield code="a">Amazon River</subfield>
      </datafield>
      <datafield tag="651" ind1=" " ind2="3">
         <subfield code="a">Andes region</subfield>
      </datafield>
      <datafield tag="700" ind1="1" ind2=" ">
         <subfield code="a">Bates, John</subfield>
         <subfield code="e">author</subfield>
         <subfield code="u">Integrative Research Center, Field Museum of Natural History, Chicago, IL,
        USA</subfield>
         <subfield code="1">https://orcid.org/0000-0002-5809-5941</subfield>
      </datafield>
      <datafield tag="700" ind1="1" ind2=" ">
         <subfield code="a">Carneiro, Lincoln Silva</subfield>
         <subfield code="e">author</subfield>
         <subfield code="u">Curso de Pós‐Graduação em Zoologia, Univ. Federal do Pará/Museu Paraense
        Emílio Goeldi, Belém, Pará, Brazil</subfield>
         <subfield code="1">https://orcid.org/0000-0002-7680-2291</subfield>
      </datafield>
      <datafield tag="700" ind1="1" ind2=" ">
         <subfield code="a">Santos, Marcos Pérsio Dantas</subfield>
         <subfield code="e">author</subfield>
         <subfield code="u">Univ. Federal do Pará, Inst. de Ciências Biológicas, Laboratório de
        Ecologia e Zoologia de Vertebrados, Guamá, Belém, Brazil</subfield>
      </datafield>
      <datafield tag="700" ind1="1" ind2=" ">
         <subfield code="a">Aleixo, Alexandre</subfield>
         <subfield code="e">author</subfield>
         <subfield code="u">Coordenação de Zoologia, Museu Paraense Emílio Goeldi, Belém, Pará,
        Brazil</subfield>
         <subfield code="1">https://orcid.org/0000-0002-7816-9725</subfield>
      </datafield>
      <datafield tag="773" ind1="0" ind2=" ">
         <subfield code="t">Journal of avian biology.</subfield>
         <subfield code="g">2019 Apr., v. 50, no. 4</subfield>
         <subfield code="d">Blackwell Publishing Ltd</subfield>
         <subfield code="w">Journal:jnl3949829</subfield>
         <subfield code="x">0908-8857</subfield>
         <subfield code="7">nnas</subfield>
      </datafield>
      <datafield tag="787" ind1="1" ind2=" ">
         <subfield code="o">islandora_article_repository</subfield>
      </datafield>
      <datafield tag="787" ind1="1" ind2=" ">
         <subfield code="o">product_pubag</subfield>
      </datafield>
      <datafield tag="787" ind1="1" ind2=" ">
         <subfield code="o">(Journal)jnl3949829</subfield>
      </datafield>
      <datafield tag="856" ind1="4" ind2="0">
         <subfield code="u">http://dx.doi.org/10.1111/jav.01943</subfield>
         <subfield code="3">Available from publisher's site</subfield>
      </datafield>
      <datafield tag="912" ind1=" " ind2=" ">
         <subfield code="a">Article</subfield>
      </datafield>
      <datafield tag="914" ind1=" " ind2=" ">
         <subfield code="a">Journal:jnl3949829</subfield>
         <subfield code="b">0908-8857</subfield>
         <subfield code="c">50</subfield>
         <subfield code="d">4</subfield>
      </datafield>
      <datafield tag="914" ind1=" " ind2=" ">
         <subfield code="f">Journal of avian biology</subfield>
      </datafield>
      <datafield tag="916" ind1=" " ind2=" ">
         <subfield code="a">Batch:2266</subfield>
      </datafield>
      <datafield tag="917" ind1=" " ind2=" ">
         <subfield code="a">issued</subfield>
      </datafield>
      <datafield tag="918" ind1="2" ind2=" ">
         <subfield code="a">John Wiley &amp; Sons, Inc</subfield>
         <subfield code="e">provider</subfield>
         <subfield code="5">DNAL</subfield>
      </datafield>
      <datafield tag="935" ind1=" " ind2=" ">
         <subfield code="a">IND606378238</subfield>
         <subfield code="9">ExL</subfield>
      </datafield>
      <datafield tag="949" ind1=" " ind2=" ">
         <subfield code="a">2019-08-05</subfield>
      </datafield>
      <datafield tag="953" ind1=" " ind2=" ">
         <subfield code="a">/data/metadata/incoming/wiley/09088857_2019_50_4.xml</subfield>
      </datafield>
      <datafield tag="954" ind1=" " ind2=" ">
         <subfield code="a">file:/data/metadata/staging/wiley/09088857_2019_50_4.xml</subfield>
      </datafield>
      <datafield tag="955" ind1=" " ind2=" ">
         <subfield code="a">/data/metadata/staging/wiley/</subfield>
      </datafield>
      <datafield tag="962" ind1=" " ind2=" ">
         <subfield code="a">Batch:2266 reviewed on 2019-08-05T16:00:04Z</subfield>
      </datafield>
      <datafield tag="974" ind1=" " ind2=" ">
         <subfield code="a">agid:6378238</subfield>
      </datafield>
      <datafield tag="983" ind1=" " ind2=" ">
         <subfield code="a">2019-04-24</subfield>
      </datafield>
      <datafield tag="984" ind1=" " ind2=" ">
         <subfield code="a">2019-08-05</subfield>
      </datafield>
   </record>