
   <!--Record: 59-->
   <record>
      <leader>05350nab a2200745 u 4500</leader>
      <controlfield tag="001">9916027913707426</controlfield>
      <controlfield tag="005">20221122221018.0</controlfield>
      <controlfield tag="008">170719e201602 xx |||||o|||||||||||eng||</controlfield>
      <datafield tag="016" ind1="7" ind2=" ">
         <subfield code="a">IND605623609</subfield>
         <subfield code="2">DNAL</subfield>
      </datafield>
      <datafield tag="024" ind1="7" ind2=" ">
         <subfield code="a">10.1016/j.rse.2015.07.024</subfield>
         <subfield code="2">doi</subfield>
      </datafield>
      <datafield tag="035" ind1=" " ind2=" ">
         <subfield code="a">agid:5623609-01nal_inst</subfield>
      </datafield>
      <datafield tag="040" ind1=" " ind2=" ">
         <subfield code="a">AGL</subfield>
         <subfield code="b">eng</subfield>
         <subfield code="c">AGL</subfield>
      </datafield>
      <datafield tag="100" ind1="1" ind2=" ">
         <subfield code="a">Ioki, Keiko</subfield>
         <subfield code="e">author</subfield>
         <subfield code="u">Graduate School of Agricultural and Life Sciences, The University of Tokyo,
        1-1-1 Yayoi, Bunkyo-ku, Tokyo 113-8567, Japan</subfield>
      </datafield>
      <datafield tag="245" ind1="1" ind2="0">
         <subfield code="a">Evaluation of the similarity in tree community composition in a tropical
        rainforest using airborne LiDAR data</subfield>
      </datafield>
      <datafield tag="300" ind1=" " ind2=" ">
         <subfield code="a">p. 304-313.</subfield>
      </datafield>
      <datafield tag="520" ind1=" " ind2=" ">
         <subfield code="a">Human activities in tropical forests, such as logging or shifting
        cultivation, largely affect forest biodiversity. These disturbances often create small
        patches of successional vegetation and heterogeneous spatial patterns. Airborne LiDAR can
        detect small-scale disturbances, which are undetectable by conventional remote sensing.
        Here, our aim was to evaluate the similarity in community composition of tree assemblages
        after human disturbances in a tropical rainforest in northern Borneo using small-footprint
        airborne LiDAR. We derived 16 variables related to the height distribution and canopy
        characteristics from airborne LiDAR data. The similarity in community composition among
        plots was calculated using ordination analysis (nonmetric multidimensional scaling) based on
        the number of trees of each species. LiDAR-derived variables were significantly correlated
        with the similarity in community composition; the strongest correlation was with the canopy
        laser penetration rate down to 1-m height above ground (rs=−0.81, p&lt;0.001). The
        predictive model for similarity in community composition developed using the canopy laser
        penetration rate at 0-m height and the maximum height had R2adj=0.71 (p&lt;0.001). We
        applied this equation to the entire study area and compared the output with the human
        disturbance histories. A predictive map based on the equation suggested that the similarity
        in community composition changes in proportion to the degree of human disturbances. Our
        findings indicate that the similarity attributed to human disturbances in tropical forests
        can be predicted and monitored by means of airborne LiDAR. This approach could be combined
        with ground-based monitoring data to map the patterns of biodiversity in tropical
        rainforest.</subfield>
      </datafield>
      <datafield tag="592" ind1=" " ind2=" ">
         <subfield code="a">Publisher supplied data</subfield>
      </datafield>
      <datafield tag="593" ind1=" " ind2=" ">
         <subfield code="a">PubAg article</subfield>
      </datafield>
      <datafield tag="650" ind1=" " ind2="3">
         <subfield code="a">biodiversity</subfield>
      </datafield>
      <datafield tag="650" ind1=" " ind2="3">
         <subfield code="a">canopy</subfield>
      </datafield>
      <datafield tag="650" ind1=" " ind2="3">
         <subfield code="a">community structure</subfield>
      </datafield>
      <datafield tag="650" ind1=" " ind2="3">
         <subfield code="a">equations</subfield>
      </datafield>
      <datafield tag="650" ind1=" " ind2="3">
         <subfield code="a">humans</subfield>
      </datafield>
      <datafield tag="650" ind1=" " ind2="3">
         <subfield code="a">lidar</subfield>
      </datafield>
      <datafield tag="650" ind1=" " ind2="3">
         <subfield code="a">logging</subfield>
      </datafield>
      <datafield tag="650" ind1=" " ind2="3">
         <subfield code="a">models</subfield>
      </datafield>
      <datafield tag="650" ind1=" " ind2="3">
         <subfield code="a">monitoring</subfield>
      </datafield>
      <datafield tag="650" ind1=" " ind2="3">
         <subfield code="a">multidimensional scaling</subfield>
      </datafield>
      <datafield tag="650" ind1=" " ind2="3">
         <subfield code="a">remote sensing</subfield>
      </datafield>
      <datafield tag="650" ind1=" " ind2="3">
         <subfield code="a">shifting cultivation</subfield>
      </datafield>
      <datafield tag="650" ind1=" " ind2="3">
         <subfield code="a">trees</subfield>
      </datafield>
      <datafield tag="650" ind1=" " ind2="3">
         <subfield code="a">tropical rain forests</subfield>
      </datafield>
      <datafield tag="651" ind1=" " ind2="3">
         <subfield code="a">Borneo</subfield>
      </datafield>
      <datafield tag="653" ind1=" " ind2="0">
         <subfield code="a">Tropical rainforest</subfield>
      </datafield>
      <datafield tag="653" ind1=" " ind2="0">
         <subfield code="a">Biodiversity</subfield>
      </datafield>
      <datafield tag="653" ind1=" " ind2="0">
         <subfield code="a">Community composition</subfield>
      </datafield>
      <datafield tag="653" ind1=" " ind2="0">
         <subfield code="a">Forest disturbance</subfield>
      </datafield>
      <datafield tag="653" ind1=" " ind2="0">
         <subfield code="a">Airborne LiDAR</subfield>
      </datafield>
      <datafield tag="700" ind1="1" ind2=" ">
         <subfield code="a">Tsuyuki, Satoshi</subfield>
         <subfield code="e">author</subfield>
         <subfield code="u">Graduate School of Agricultural and Life Sciences, The University of Tokyo,
        1-1-1 Yayoi, Bunkyo-ku, Tokyo 113-8567, Japan</subfield>
      </datafield>
      <datafield tag="700" ind1="1" ind2=" ">
         <subfield code="a">Hirata, Yasumasa</subfield>
         <subfield code="e">author</subfield>
         <subfield code="u">Forest and Forest Products Research Institute, Matsunosato 1, Tsukuba,
        Ibaraki 305-8687, Japan</subfield>
      </datafield>
      <datafield tag="700" ind1="1" ind2=" ">
         <subfield code="a">Phua, Mui-How</subfield>
         <subfield code="e">author</subfield>
         <subfield code="u">Faculty of Science and Natural Resources, Universiti Malaysia Sabah, Jalan
        UMS, 88400 Kota Kinabalu, Sabah, Malaysia</subfield>
      </datafield>
      <datafield tag="700" ind1="1" ind2=" ">
         <subfield code="a">Wong, Wilson Vun Chiong</subfield>
         <subfield code="e">author</subfield>
         <subfield code="u">Graduate School of Agricultural and Life Sciences, The University of Tokyo,
        1-1-1 Yayoi, Bunkyo-ku, Tokyo 113-8567, Japan</subfield>
      </datafield>
      <datafield tag="700" ind1="1" ind2=" ">
         <subfield code="a">Ling, Zia-Yiing</subfield>
         <subfield code="e">author</subfield>
         <subfield code="u">Faculty of Science and Natural Resources, Universiti Malaysia Sabah, Jalan
        UMS, 88400 Kota Kinabalu, Sabah, Malaysia</subfield>
      </datafield>
      <datafield tag="700" ind1="1" ind2=" ">
         <subfield code="a">Johari, Shazrul Azwan</subfield>
         <subfield code="e">author</subfield>
         <subfield code="u">Faculty of Science and Natural Resources, Universiti Malaysia Sabah, Jalan
        UMS, 88400 Kota Kinabalu, Sabah, Malaysia</subfield>
      </datafield>
      <datafield tag="700" ind1="1" ind2=" ">
         <subfield code="a">Korom, Alexius</subfield>
         <subfield code="e">author</subfield>
         <subfield code="u">Faculty of Science and Natural Resources, Universiti Malaysia Sabah, Jalan
        UMS, 88400 Kota Kinabalu, Sabah, Malaysia</subfield>
      </datafield>
      <datafield tag="700" ind1="1" ind2=" ">
         <subfield code="a">James, Daniel</subfield>
         <subfield code="e">author</subfield>
         <subfield code="u">Faculty of Science and Natural Resources, Universiti Malaysia Sabah, Jalan
        UMS, 88400 Kota Kinabalu, Sabah, Malaysia</subfield>
      </datafield>
      <datafield tag="700" ind1="1" ind2=" ">
         <subfield code="a">Saito, Hideki</subfield>
         <subfield code="e">author</subfield>
         <subfield code="u">Forest and Forest Products Research Institute, Matsunosato 1, Tsukuba,
        Ibaraki 305-8687, Japan</subfield>
         <subfield code="1">https://orcid.org/0000-0002-6566-6386</subfield>
      </datafield>
      <datafield tag="700" ind1="1" ind2=" ">
         <subfield code="a">Takao, Gen</subfield>
         <subfield code="e">author</subfield>
         <subfield code="u">Forest and Forest Products Research Institute, Matsunosato 1, Tsukuba,
        Ibaraki 305-8687, Japan</subfield>
      </datafield>
      <datafield tag="773" ind1="0" ind2=" ">
         <subfield code="t">Remote sensing of environment.</subfield>
         <subfield code="g">2016 Feb., v. 173 p.304-313</subfield>
         <subfield code="d">Elsevier Inc.</subfield>
         <subfield code="x">0034-4257</subfield>
         <subfield code="7">nnas</subfield>
      </datafield>
      <datafield tag="787" ind1="1" ind2=" ">
         <subfield code="o">islandora_article_repository</subfield>
      </datafield>
      <datafield tag="787" ind1="1" ind2=" ">
         <subfield code="o">product_pubag</subfield>
      </datafield>
      <datafield tag="787" ind1="1" ind2=" ">
         <subfield code="o">(Journal)11735</subfield>
      </datafield>
      <datafield tag="856" ind1="4" ind2="0">
         <subfield code="u">http://dx.doi.org/10.1016/j.rse.2015.07.024</subfield>
         <subfield code="3">Available from publisher's site</subfield>
      </datafield>
      <datafield tag="912" ind1=" " ind2=" ">
         <subfield code="a">Article</subfield>
      </datafield>
      <datafield tag="914" ind1=" " ind2=" ">
         <subfield code="a">Journal:11735</subfield>
         <subfield code="b">0034-4257</subfield>
         <subfield code="c">173</subfield>
         <subfield code="e">304</subfield>
      </datafield>
      <datafield tag="914" ind1=" " ind2=" ">
         <subfield code="f">Remote sensing of environment</subfield>
      </datafield>
      <datafield tag="916" ind1=" " ind2=" ">
         <subfield code="a">Batch:1557</subfield>
      </datafield>
      <datafield tag="917" ind1=" " ind2=" ">
         <subfield code="a">issued</subfield>
      </datafield>
      <datafield tag="918" ind1="2" ind2=" ">
         <subfield code="a">Elsevier Consyn</subfield>
         <subfield code="e">provider</subfield>
         <subfield code="5">DNAL</subfield>
      </datafield>
      <datafield tag="935" ind1=" " ind2=" ">
         <subfield code="a">IND605623609</subfield>
         <subfield code="9">ExL</subfield>
      </datafield>
      <datafield tag="949" ind1=" " ind2=" ">
         <subfield code="a">2017-03-08</subfield>
      </datafield>
      <datafield tag="953" ind1=" " ind2=" ">
         <subfield code="a">35071-00002-HEAD-ONLY-NALCOLLECTIONDEVELOPMENT.zip</subfield>
      </datafield>
      <datafield tag="974" ind1=" " ind2=" ">
         <subfield code="a">agid:5623609</subfield>
      </datafield>
      <datafield tag="983" ind1=" " ind2=" ">
         <subfield code="a">2017-07-19</subfield>
      </datafield>
      <datafield tag="984" ind1=" " ind2=" ">
         <subfield code="a">2017-07-19</subfield>
      </datafield>
   </record>