
   <!--Record: 60-->
   <record>
      <leader>04554nab a2200673 u 4500</leader>
      <controlfield tag="001">9916027918207426</controlfield>
      <controlfield tag="005">20221122230238.0</controlfield>
      <controlfield tag="008">170719e201602 xx |||||o|||||||||||eng||</controlfield>
      <datafield tag="016" ind1="7" ind2=" ">
         <subfield code="a">IND605623608</subfield>
         <subfield code="2">DNAL</subfield>
      </datafield>
      <datafield tag="024" ind1="7" ind2=" ">
         <subfield code="a">10.1016/j.rse.2015.05.009</subfield>
         <subfield code="2">doi</subfield>
      </datafield>
      <datafield tag="035" ind1=" " ind2=" ">
         <subfield code="a">agid:5623608-01nal_inst</subfield>
      </datafield>
      <datafield tag="040" ind1=" " ind2=" ">
         <subfield code="a">AGL</subfield>
         <subfield code="b">eng</subfield>
         <subfield code="c">AGL</subfield>
      </datafield>
      <datafield tag="100" ind1="1" ind2=" ">
         <subfield code="a">Vauhkonen, Jari</subfield>
         <subfield code="e">author</subfield>
         <subfield code="u">University of Eastern Finland, School of Forest Sciences, Yliopistokatu 7
        (P.O. Box 111), FI-80101 Joensuu, Finland</subfield>
      </datafield>
      <datafield tag="245" ind1="1" ind2="0">
         <subfield code="a">Geometrically explicit description of forest canopy based on 3D
        triangulations of airborne laser scanning data</subfield>
      </datafield>
      <datafield tag="300" ind1=" " ind2=" ">
         <subfield code="a">p. 248-257.</subfield>
      </datafield>
      <datafield tag="500" ind1=" " ind2=" ">
         <subfield code="a">2019-12-06</subfield>
      </datafield>
      <datafield tag="520" ind1=" " ind2=" ">
         <subfield code="a">Geometrically explicit parameterizations of the locations, orientations and
        properties of trees and canopy elements are useful for forest ecosystem modeling. Detailed
        reconstructions based on real tree geometry are, however, hard to obtain based on
        conventional field measurements and sampling. We describe and evaluate an alternative
        approach to reconstruct the forest canopy from sparse, leaf-off airborne laser scanning
        (ALS) data with a wall-to-wall coverage. The approach employs computational geometry and
        topological connectivity to generate filtrations, i.e., ordered sets of simplices belonging
        to the three-dimensional (3D) triangulations of the point data, and numerical optimization
        to select the set of simplices with a quasi-optimal relationship with field-measured forest
        biophysical attributes. The approach was evaluated by predicting the quantities and spatial
        patterns of biomass-related forest attributes according to the characteristics of the
        filtration. When the filtration parameters were optimized for 245 sample plots of 300m2
        located in southern boreal forest in Finland, the coefficients of determination (R2) between
        total volumes of the filtrations and basal area, stem volume, total above-ground biomass,
        and canopy biomass were 0.93, 0.87, 0.87, and 0.62, respectively. Considerably less accurate
        results (R2=0.44–0.64) were obtained when the filtration parameters were predicted with a
        limited number of the calibration field plots. However, these accuracies could be obtained
        with modest field training data of 20–30 plots. The proposed approach is a compromise
        between the parameterization of the forest scene by artificial tree/crown level turbid media
        and realistic 3D models. The results particularly suggest that obtaining coarse wall-to-wall
        descriptions does not require separate data acquisitions, but may be based on data existing
        due to previous practical inventories.</subfield>
      </datafield>
      <datafield tag="592" ind1=" " ind2=" ">
         <subfield code="a">Publisher supplied data</subfield>
      </datafield>
      <datafield tag="593" ind1=" " ind2=" ">
         <subfield code="a">PubAg article</subfield>
      </datafield>
      <datafield tag="650" ind1=" " ind2="3">
         <subfield code="a">boreal forests</subfield>
      </datafield>
      <datafield tag="650" ind1=" " ind2="3">
         <subfield code="a">forest canopy</subfield>
      </datafield>
      <datafield tag="650" ind1=" " ind2="3">
         <subfield code="a">aboveground biomass</subfield>
      </datafield>
      <datafield tag="650" ind1=" " ind2="3">
         <subfield code="a">models</subfield>
      </datafield>
      <datafield tag="650" ind1=" " ind2="3">
         <subfield code="a">geometry</subfield>
      </datafield>
      <datafield tag="650" ind1=" " ind2="3">
         <subfield code="a">trees</subfield>
      </datafield>
      <datafield tag="650" ind1=" " ind2="3">
         <subfield code="a">forest ecosystems</subfield>
      </datafield>
      <datafield tag="650" ind1=" " ind2="3">
         <subfield code="a">remote sensing</subfield>
      </datafield>
      <datafield tag="650" ind1=" " ind2="3">
         <subfield code="a">topology</subfield>
      </datafield>
      <datafield tag="650" ind1=" " ind2="3">
         <subfield code="a">stand basal area</subfield>
      </datafield>
      <datafield tag="650" ind1=" " ind2="3">
         <subfield code="a">prediction</subfield>
      </datafield>
      <datafield tag="651" ind1=" " ind2="3">
         <subfield code="a">Finland</subfield>
      </datafield>
      <datafield tag="653" ind1=" " ind2="0">
         <subfield code="a">Light Detection and Ranging (LiDAR)</subfield>
      </datafield>
      <datafield tag="653" ind1=" " ind2="0">
         <subfield code="a">Delaunay triangulation</subfield>
      </datafield>
      <datafield tag="653" ind1=" " ind2="0">
         <subfield code="a">Alpha shape</subfield>
      </datafield>
      <datafield tag="653" ind1=" " ind2="0">
         <subfield code="a">Tree allometry</subfield>
      </datafield>
      <datafield tag="653" ind1=" " ind2="0">
         <subfield code="a">Remote sensing</subfield>
      </datafield>
      <datafield tag="653" ind1=" " ind2="0">
         <subfield code="a">basal area</subfield>
      </datafield>
      <datafield tag="653" ind1=" " ind2="0">
         <subfield code="a">Crown architecture</subfield>
      </datafield>
      <datafield tag="700" ind1="1" ind2=" ">
         <subfield code="a">Holopainen, Markus</subfield>
         <subfield code="e">author</subfield>
         <subfield code="u">University of Helsinki, Department of Forest Sciences, Latokartanonkaari 7
        (P.O. Box 27), FI-00014 Helsinki, Finland</subfield>
      </datafield>
      <datafield tag="700" ind1="1" ind2=" ">
         <subfield code="a">Kankare, Ville</subfield>
         <subfield code="e">author</subfield>
         <subfield code="u">University of Helsinki, Department of Forest Sciences, Latokartanonkaari 7
        (P.O. Box 27), FI-00014 Helsinki, Finland</subfield>
      </datafield>
      <datafield tag="700" ind1="1" ind2=" ">
         <subfield code="a">Vastaranta, Mikko</subfield>
         <subfield code="e">author</subfield>
         <subfield code="u">University of Helsinki, Department of Forest Sciences, Latokartanonkaari 7
        (P.O. Box 27), FI-00014 Helsinki, Finland</subfield>
      </datafield>
      <datafield tag="700" ind1="1" ind2=" ">
         <subfield code="a">Viitala, Risto</subfield>
         <subfield code="e">author</subfield>
         <subfield code="u">HAMK University of Applied Sciences, Saarelantie 1, FI-16970 Evo,
        Finland</subfield>
      </datafield>
      <datafield tag="773" ind1="0" ind2=" ">
         <subfield code="t">Remote sensing of environment.</subfield>
         <subfield code="g">2016 Feb., v. 173 p.248-257</subfield>
         <subfield code="d">Elsevier Inc.</subfield>
         <subfield code="x">0034-4257</subfield>
         <subfield code="7">nnas</subfield>
      </datafield>
      <datafield tag="787" ind1="1" ind2=" ">
         <subfield code="o">islandora_article_repository</subfield>
      </datafield>
      <datafield tag="787" ind1="1" ind2=" ">
         <subfield code="o">product_pubag</subfield>
      </datafield>
      <datafield tag="787" ind1="1" ind2=" ">
         <subfield code="o">(Journal)11735</subfield>
      </datafield>
      <datafield tag="856" ind1="4" ind2="0">
         <subfield code="u">http://dx.doi.org/10.1016/j.rse.2015.05.009</subfield>
         <subfield code="3">Available from publisher's site</subfield>
      </datafield>
      <datafield tag="912" ind1=" " ind2=" ">
         <subfield code="a">Article</subfield>
      </datafield>
      <datafield tag="914" ind1=" " ind2=" ">
         <subfield code="a">Journal:11735</subfield>
         <subfield code="b">0034-4257</subfield>
         <subfield code="c">173</subfield>
         <subfield code="e">248</subfield>
      </datafield>
      <datafield tag="914" ind1=" " ind2=" ">
         <subfield code="f">Remote sensing of environment</subfield>
      </datafield>
      <datafield tag="916" ind1=" " ind2=" ">
         <subfield code="a">Batch:1557</subfield>
      </datafield>
      <datafield tag="917" ind1=" " ind2=" ">
         <subfield code="a">issued</subfield>
      </datafield>
      <datafield tag="918" ind1="2" ind2=" ">
         <subfield code="a">Elsevier Consyn</subfield>
         <subfield code="e">provider</subfield>
         <subfield code="5">DNAL</subfield>
      </datafield>
      <datafield tag="935" ind1=" " ind2=" ">
         <subfield code="a">IND605623608</subfield>
         <subfield code="9">ExL</subfield>
      </datafield>
      <datafield tag="949" ind1=" " ind2=" ">
         <subfield code="a">2017-03-08</subfield>
      </datafield>
      <datafield tag="953" ind1=" " ind2=" ">
         <subfield code="a">35071-00002-HEAD-ONLY-NALCOLLECTIONDEVELOPMENT.zip</subfield>
      </datafield>
      <datafield tag="974" ind1=" " ind2=" ">
         <subfield code="a">agid:5623608</subfield>
      </datafield>
      <datafield tag="983" ind1=" " ind2=" ">
         <subfield code="a">2017-07-19</subfield>
      </datafield>
      <datafield tag="984" ind1=" " ind2=" ">
         <subfield code="a">2017-07-19</subfield>
      </datafield>
   </record>