
   <!--Record: 63-->
   <record>
      <leader>04814nab a2200649 u 4500</leader>
      <controlfield tag="001">9916030017607426</controlfield>
      <controlfield tag="005">20221123035901.0</controlfield>
      <controlfield tag="008">210730e202108 xx |||||o|||||||||||eng||</controlfield>
      <datafield tag="016" ind1="7" ind2=" ">
         <subfield code="a">IND607463148</subfield>
         <subfield code="2">DNAL</subfield>
      </datafield>
      <datafield tag="024" ind1="7" ind2=" ">
         <subfield code="a">10.1007/s13744-021-00870-6</subfield>
         <subfield code="2">doi</subfield>
      </datafield>
      <datafield tag="035" ind1=" " ind2=" ">
         <subfield code="a">agid:7463148-01nal_inst</subfield>
      </datafield>
      <datafield tag="040" ind1=" " ind2=" ">
         <subfield code="a">AGL</subfield>
         <subfield code="b">eng</subfield>
         <subfield code="c">AGL</subfield>
      </datafield>
      <datafield tag="100" ind1="1" ind2=" ">
         <subfield code="a">Quinto, Javier</subfield>
         <subfield code="e">author</subfield>
         <subfield code="u">Depto de Ecología Tropical, Univ Autónoma de Yucatán (UADY), Mérida,
        Yucatan, Mexico. javier.qnt@gmail.com</subfield>
         <subfield code="1">https://orcid.org/0000-0002-0774-5852</subfield>
      </datafield>
      <datafield tag="245" ind1="1" ind2="0">
         <subfield code="a">Diversity Patterns of Tropical Epigeal Beetle Assemblages Associated with
        Monoculture and Polyculture Plantations with Big-Leaf Mahogany</subfield>
      </datafield>
      <datafield tag="300" ind1=" " ind2=" ">
         <subfield code="a">p. 551-561.</subfield>
      </datafield>
      <datafield tag="520" ind1=" " ind2=" ">
         <subfield code="a">Although commercial forest plantations have experienced a major growth in
        the tropics over the past decades, little attention has been paid to their role in the
        conservation of epigeal arthropod communities. We studied diversity patterns of the epigeal
        beetle community in monoculture and polyculture forest plantations with big-leaf mahogany
        (Swietenia macrophylla). Likewise, we explored the existence of indicator species of each
        plantation type. Our findings highlight that each plantation type promotes multiple impacts
        on diversity patterns. We found that monocultures positively influenced overall beetle
        species richness and ecological diversity. When broken down by guild, both predator and
        decomposer species richness were similar between monoculture and polyculture, whereas for
        beetle diversity we found contrasting responses by guild: decomposer diversity was greater
        in monoculture whereas predator diversity was higher in polyculture. In addition, species
        composition differed between monoculture and polyculture, except for the predator guild.
        Species turnover was the main component explaining beta diversity patterns at all levels,
        indicating that each plantation type promotes biologically distinct epigeal assemblages. Few
        superabundant heliophile species dominated the beetle community structure; moreover,
        monocultures had a composition skewed towards heliophile species whereas polyculture favored
        umbrophile species. These patterns could be attributed to differences in habitat complexity
        between plot types, namely differences in tree cover. Additionally, indicator species only
        were identified in polycultures, reflecting their higher spatial complexity. Monoculture and
        polyculture plantations with big-leaf mahogany are complementary agroecosystems for
        preserving diverse epigeal beetle communities and should be considered valuable tools for
        conservation purposes in the tropics.</subfield>
      </datafield>
      <datafield tag="592" ind1=" " ind2=" ">
         <subfield code="a">Publisher supplied data</subfield>
      </datafield>
      <datafield tag="593" ind1=" " ind2=" ">
         <subfield code="a">PubAg article</subfield>
      </datafield>
      <datafield tag="596" ind1=" " ind2=" ">
         <subfield code="a">research Project 128856</subfield>
         <subfield code="c">Consejo Nacional de Ciencia y Tecnlogía (CONACyT)</subfield>
      </datafield>
      <datafield tag="596" ind1=" " ind2=" ">
         <subfield code="a">research Projects 250925</subfield>
         <subfield code="c">Consejo Nacional de Ciencia y Tecnlogía (CONACyT)</subfield>
      </datafield>
      <datafield tag="650" ind1=" " ind2="3">
         <subfield code="a">Coleoptera</subfield>
      </datafield>
      <datafield tag="650" ind1=" " ind2="3">
         <subfield code="a">Neotropics</subfield>
      </datafield>
      <datafield tag="650" ind1=" " ind2="3">
         <subfield code="a">Swietenia macrophylla</subfield>
      </datafield>
      <datafield tag="650" ind1=" " ind2="3">
         <subfield code="a">agroecosystems</subfield>
      </datafield>
      <datafield tag="650" ind1=" " ind2="3">
         <subfield code="a">arthropods</subfield>
      </datafield>
      <datafield tag="650" ind1=" " ind2="3">
         <subfield code="a">community structure</subfield>
      </datafield>
      <datafield tag="650" ind1=" " ind2="3">
         <subfield code="a">entomology</subfield>
      </datafield>
      <datafield tag="650" ind1=" " ind2="3">
         <subfield code="a">forests</subfield>
      </datafield>
      <datafield tag="650" ind1=" " ind2="3">
         <subfield code="a">habitats</subfield>
      </datafield>
      <datafield tag="650" ind1=" " ind2="3">
         <subfield code="a">indicator species</subfield>
      </datafield>
      <datafield tag="650" ind1=" " ind2="3">
         <subfield code="a">insect communities</subfield>
      </datafield>
      <datafield tag="650" ind1=" " ind2="3">
         <subfield code="a">species richness</subfield>
      </datafield>
      <datafield tag="650" ind1=" " ind2="3">
         <subfield code="a">trees</subfield>
      </datafield>
      <datafield tag="700" ind1="1" ind2=" ">
         <subfield code="a">Martínez-Falcón, Ana Paola</subfield>
         <subfield code="e">author</subfield>
         <subfield code="u">Lab de Ecología de Comunidades, Centro de Investigaciones Biológicas,
        Instituto de Ciencias Básicas e Ingeniería, Univ Autónoma del Estado de Hidalgo, Mineral de
        la Reforma, Hidalgo, Mexico</subfield>
      </datafield>
      <datafield tag="700" ind1="1" ind2=" ">
         <subfield code="a">Murillo-Pacheco, Johanna Isabel</subfield>
         <subfield code="e">author</subfield>
         <subfield code="u">Grupo de investigación BIORINOQUIA, Univ de los Llanos, Villavicencio,
        Colombia</subfield>
      </datafield>
      <datafield tag="700" ind1="1" ind2=" ">
         <subfield code="a">Abdala-Roberts, Luis</subfield>
         <subfield code="e">author</subfield>
         <subfield code="u">Depto de Ecología Tropical, Univ Autónoma de Yucatán (UADY), Mérida,
        Yucatan, Mexico</subfield>
      </datafield>
      <datafield tag="700" ind1="1" ind2=" ">
         <subfield code="a">Parra-Tabla, Víctor</subfield>
         <subfield code="e">author</subfield>
         <subfield code="u">Depto de Ecología Tropical, Univ Autónoma de Yucatán (UADY), Mérida,
        Yucatan, Mexico</subfield>
      </datafield>
      <datafield tag="773" ind1="0" ind2=" ">
         <subfield code="t">Neotropical entomology.</subfield>
         <subfield code="g">2021 Aug., v. 50, no. 4 p.551-561</subfield>
         <subfield code="d">Springer International Publishing</subfield>
         <subfield code="w">Journal:jnl69840</subfield>
         <subfield code="x">1519-566X</subfield>
         <subfield code="7">nnas</subfield>
      </datafield>
      <datafield tag="787" ind1="1" ind2=" ">
         <subfield code="o">islandora_article_repository</subfield>
      </datafield>
      <datafield tag="787" ind1="1" ind2=" ">
         <subfield code="o">product_pubag</subfield>
      </datafield>
      <datafield tag="787" ind1="1" ind2=" ">
         <subfield code="o">(Journal)jnl69840</subfield>
      </datafield>
      <datafield tag="856" ind1="4" ind2="0">
         <subfield code="u">http://dx.doi.org/10.1007/s13744-021-00870-6</subfield>
         <subfield code="3">Available from publisher's site</subfield>
      </datafield>
      <datafield tag="912" ind1=" " ind2=" ">
         <subfield code="a">Article</subfield>
      </datafield>
      <datafield tag="914" ind1=" " ind2=" ">
         <subfield code="a">Journal:jnl69840</subfield>
         <subfield code="b">1519-566X</subfield>
         <subfield code="c">50</subfield>
         <subfield code="d">4</subfield>
         <subfield code="e">551</subfield>
      </datafield>
      <datafield tag="914" ind1=" " ind2=" ">
         <subfield code="f">Neotropical entomology</subfield>
      </datafield>
      <datafield tag="916" ind1=" " ind2=" ">
         <subfield code="a">Batch:10188</subfield>
      </datafield>
      <datafield tag="917" ind1=" " ind2=" ">
         <subfield code="a">issued</subfield>
      </datafield>
      <datafield tag="918" ind1="2" ind2=" ">
         <subfield code="a">Springer</subfield>
         <subfield code="e">provider</subfield>
         <subfield code="5">DNAL</subfield>
      </datafield>
      <datafield tag="935" ind1=" " ind2=" ">
         <subfield code="a">IND607463148</subfield>
         <subfield code="9">ExL</subfield>
      </datafield>
      <datafield tag="949" ind1=" " ind2=" ">
         <subfield code="a">2022-02-22</subfield>
      </datafield>
      <datafield tag="952" ind1=" " ind2=" ">
         <subfield code="d">NAL-AP-2-clean</subfield>
      </datafield>
      <datafield tag="953" ind1=" " ind2=" ">
         <subfield code="a">/data/metadata/incoming/springer/ftp_PUB_21-07-30_05-18-22.zip</subfield>
      </datafield>
      <datafield tag="954" ind1=" " ind2=" ">
         <subfield code="a">file:/data/metadata/staging/springer/13744-50-4.xml</subfield>
      </datafield>
      <datafield tag="955" ind1=" " ind2=" ">
         <subfield code="a">/data/metadata/staging/springer/</subfield>
      </datafield>
      <datafield tag="974" ind1=" " ind2=" ">
         <subfield code="a">agid:7463148</subfield>
      </datafield>
      <datafield tag="983" ind1=" " ind2=" ">
         <subfield code="a">2021-07-30</subfield>
      </datafield>
      <datafield tag="984" ind1=" " ind2=" ">
         <subfield code="a">2022-02-17</subfield>
      </datafield>
   </record>