
   <!--Record: 66-->
   <record>
      <leader>05118nab a2200925 u 4500</leader>
      <controlfield tag="001">9916030526507426</controlfield>
      <controlfield tag="005">20221120074243.0</controlfield>
      <controlfield tag="008">190223e201902 xx |||||o|||||||||||eng||</controlfield>
      <datafield tag="016" ind1="7" ind2=" ">
         <subfield code="a">IND606314339</subfield>
         <subfield code="2">DNAL</subfield>
      </datafield>
      <datafield tag="024" ind1="7" ind2=" ">
         <subfield code="a">10.1111/mec.14975</subfield>
         <subfield code="2">doi</subfield>
      </datafield>
      <datafield tag="035" ind1=" " ind2=" ">
         <subfield code="a">agid:6314339-01nal_inst</subfield>
      </datafield>
      <datafield tag="040" ind1=" " ind2=" ">
         <subfield code="a">AGL</subfield>
         <subfield code="b">eng</subfield>
         <subfield code="c">AGL</subfield>
      </datafield>
      <datafield tag="100" ind1="1" ind2=" ">
         <subfield code="a">Richardson, Rodney T.</subfield>
         <subfield code="e">author</subfield>
         <subfield code="u">Department of Entomology, The Ohio State University, Columbus,
        Ohio</subfield>
         <subfield code="1">https://orcid.org/0000-0002-4443-1705</subfield>
      </datafield>
      <datafield tag="245" ind1="1" ind2="0">
         <subfield code="a">Quantitative multi‐locus metabarcoding and waggle dance interpretation
        reveal honey bee spring foraging patterns in Midwest agroecosystems</subfield>
      </datafield>
      <datafield tag="300" ind1=" " ind2=" ">
         <subfield code="a">p. 686-697.</subfield>
      </datafield>
      <datafield tag="500" ind1=" " ind2=" ">
         <subfield code="a">JOURNAL ARTICLE</subfield>
      </datafield>
      <datafield tag="520" ind1=" " ind2=" ">
         <subfield code="a">We explored the pollen foraging behaviour of honey bee colonies situated in
        the corn and soybean dominated agroecosystems of central Ohio over a month‐long period using
        both pollen metabarcoding and waggle dance inference of spatial foraging patterns. For
        molecular pollen analysis, we developed simple and cost‐effective laboratory and
        bioinformatics methods. Targeting four plant barcode loci (ITS2, rbcL, trnL and trnH), we
        implemented metabarcoding library preparation and dual‐indexing protocols designed to
        minimize amplification biases and index mistagging events. We constructed comprehensive,
        curated reference databases for hierarchical taxonomic classification of metabarcoding data
        and used these databases to train the metaxa2 DNA sequence classifier. Comparisons between
        morphological and molecular palynology provide strong support for the quantitative potential
        of multi‐locus metabarcoding. Results revealed consistent foraging habits between locations
        and show clear trends in the phenological progression of honey bee spring foraging in these
        agricultural areas. Our data suggest that three key taxa, woody Rosaceae such as pome fruits
        and hawthorns, Salix, and Trifolium provided the majority of pollen nutrition during the
        study. Spatially, these foraging patterns were associated with a significant preference for
        forests and tree lines relative to herbaceous land cover and nonflowering crop
        fields.</subfield>
      </datafield>
      <datafield tag="592" ind1=" " ind2=" ">
         <subfield code="a">Publisher supplied data</subfield>
      </datafield>
      <datafield tag="593" ind1=" " ind2=" ">
         <subfield code="a">PubAg article</subfield>
      </datafield>
      <datafield tag="596" ind1=" " ind2=" ">
         <subfield code="c">Project Apis m.—Costco Honey Bee Biology Fellowship</subfield>
      </datafield>
      <datafield tag="596" ind1=" " ind2=" ">
         <subfield code="c">Pollinator Partnership Corn Dust Research Consortium grant</subfield>
      </datafield>
      <datafield tag="596" ind1=" " ind2=" ">
         <subfield code="a">OHO01277</subfield>
         <subfield code="c">state and federal funds appropriated to The Ohio State University, Ohio
        Agricultural Research and Development Center</subfield>
      </datafield>
      <datafield tag="650" ind1=" " ind2="3">
         <subfield code="a">DNA</subfield>
      </datafield>
      <datafield tag="650" ind1=" " ind2="3">
         <subfield code="a">DNA barcoding</subfield>
      </datafield>
      <datafield tag="650" ind1=" " ind2="3">
         <subfield code="a">Rosaceae</subfield>
      </datafield>
      <datafield tag="650" ind1=" " ind2="3">
         <subfield code="a">Salix</subfield>
      </datafield>
      <datafield tag="650" ind1=" " ind2="3">
         <subfield code="a">Trifolium</subfield>
      </datafield>
      <datafield tag="650" ind1=" " ind2="3">
         <subfield code="a">agricultural land</subfield>
      </datafield>
      <datafield tag="650" ind1=" " ind2="3">
         <subfield code="a">agroecosystems</subfield>
      </datafield>
      <datafield tag="650" ind1=" " ind2="3">
         <subfield code="a">barcoding</subfield>
      </datafield>
      <datafield tag="650" ind1=" " ind2="3">
         <subfield code="a">bee dances</subfield>
      </datafield>
      <datafield tag="650" ind1=" " ind2="3">
         <subfield code="a">bioinformatics</subfield>
      </datafield>
      <datafield tag="650" ind1=" " ind2="3">
         <subfield code="a">corn</subfield>
      </datafield>
      <datafield tag="650" ind1=" " ind2="3">
         <subfield code="a">cost effectiveness</subfield>
      </datafield>
      <datafield tag="650" ind1=" " ind2="3">
         <subfield code="a">databases</subfield>
      </datafield>
      <datafield tag="650" ind1=" " ind2="3">
         <subfield code="a">foraging</subfield>
      </datafield>
      <datafield tag="650" ind1=" " ind2="3">
         <subfield code="a">forests</subfield>
      </datafield>
      <datafield tag="650" ind1=" " ind2="3">
         <subfield code="a">honey bee colonies</subfield>
      </datafield>
      <datafield tag="650" ind1=" " ind2="3">
         <subfield code="a">honey bees</subfield>
      </datafield>
      <datafield tag="650" ind1=" " ind2="3">
         <subfield code="a">internal transcribed spacers</subfield>
      </datafield>
      <datafield tag="650" ind1=" " ind2="3">
         <subfield code="a">land cover</subfield>
      </datafield>
      <datafield tag="650" ind1=" " ind2="3">
         <subfield code="a">loci</subfield>
      </datafield>
      <datafield tag="650" ind1=" " ind2="3">
         <subfield code="a">nutrition</subfield>
      </datafield>
      <datafield tag="650" ind1=" " ind2="3">
         <subfield code="a">palynology</subfield>
      </datafield>
      <datafield tag="650" ind1=" " ind2="3">
         <subfield code="a">phenology</subfield>
      </datafield>
      <datafield tag="650" ind1=" " ind2="3">
         <subfield code="a">pollen</subfield>
      </datafield>
      <datafield tag="650" ind1=" " ind2="3">
         <subfield code="a">pollen analysis</subfield>
      </datafield>
      <datafield tag="650" ind1=" " ind2="3">
         <subfield code="a">pome fruits</subfield>
      </datafield>
      <datafield tag="650" ind1=" " ind2="3">
         <subfield code="a">protocols</subfield>
      </datafield>
      <datafield tag="650" ind1=" " ind2="3">
         <subfield code="a">soybeans</subfield>
      </datafield>
      <datafield tag="650" ind1=" " ind2="3">
         <subfield code="a">spring</subfield>
      </datafield>
      <datafield tag="650" ind1=" " ind2="3">
         <subfield code="a">treeline</subfield>
      </datafield>
      <datafield tag="651" ind1=" " ind2="3">
         <subfield code="a">Ohio</subfield>
      </datafield>
      <datafield tag="700" ind1="1" ind2=" ">
         <subfield code="a">Curtis, Hailey R.</subfield>
         <subfield code="e">author</subfield>
         <subfield code="u">College of Veterinary Medicine, The Ohio State University, Columbus,
        Ohio</subfield>
      </datafield>
      <datafield tag="700" ind1="1" ind2=" ">
         <subfield code="a">Matcham, Emma G.</subfield>
         <subfield code="e">author</subfield>
         <subfield code="u">Department of Horticulture and Crop Science, The Ohio State University,
        Columbus, Ohio</subfield>
      </datafield>
      <datafield tag="700" ind1="1" ind2=" ">
         <subfield code="a">Lin, Chia‐Hua</subfield>
         <subfield code="e">author</subfield>
         <subfield code="u">Department of Entomology, The Ohio State University, Columbus,
        Ohio</subfield>
      </datafield>
      <datafield tag="700" ind1="1" ind2=" ">
         <subfield code="a">Suresh, Sreelakshmi</subfield>
         <subfield code="e">author</subfield>
         <subfield code="u">Department of Evolution, Ecology, and Organismal Biology, The Ohio State
        University, Columbus, Ohio</subfield>
      </datafield>
      <datafield tag="700" ind1="1" ind2=" ">
         <subfield code="a">Sponsler, Douglas B.</subfield>
         <subfield code="e">author</subfield>
         <subfield code="u">Department of Entomology, Pennsylvania State University, University Park,
        Pennsylvania</subfield>
      </datafield>
      <datafield tag="700" ind1="1" ind2=" ">
         <subfield code="a">Hearon, Luke E.</subfield>
         <subfield code="e">author</subfield>
         <subfield code="u">Department of Entomology, The Ohio State University, Columbus,
        Ohio</subfield>
      </datafield>
      <datafield tag="700" ind1="1" ind2=" ">
         <subfield code="a">Johnson, Reed M.</subfield>
         <subfield code="e">author</subfield>
         <subfield code="u">Department of Entomology, The Ohio State University, Columbus,
        Ohio</subfield>
      </datafield>
      <datafield tag="773" ind1="0" ind2=" ">
         <subfield code="t">Molecular ecology.</subfield>
         <subfield code="g">2019 Feb., v. 28, no. 3 p.686-697</subfield>
         <subfield code="d">John Wiley &amp; Sons, Ltd</subfield>
         <subfield code="w">Journal:jnl48811</subfield>
         <subfield code="x">0962-1083</subfield>
         <subfield code="7">nnas</subfield>
      </datafield>
      <datafield tag="787" ind1="1" ind2=" ">
         <subfield code="o">islandora_article_repository</subfield>
      </datafield>
      <datafield tag="787" ind1="1" ind2=" ">
         <subfield code="o">product_pubag</subfield>
      </datafield>
      <datafield tag="787" ind1="1" ind2=" ">
         <subfield code="o">(Journal)jnl48811</subfield>
      </datafield>
      <datafield tag="856" ind1="4" ind2="0">
         <subfield code="u">http://dx.doi.org/10.1111/mec.14975</subfield>
         <subfield code="3">Available from publisher's site</subfield>
      </datafield>
      <datafield tag="912" ind1=" " ind2=" ">
         <subfield code="a">Article</subfield>
      </datafield>
      <datafield tag="914" ind1=" " ind2=" ">
         <subfield code="a">Journal:jnl48811</subfield>
         <subfield code="b">0962-1083</subfield>
         <subfield code="c">28</subfield>
         <subfield code="d">3</subfield>
         <subfield code="e">686</subfield>
      </datafield>
      <datafield tag="914" ind1=" " ind2=" ">
         <subfield code="f">Molecular ecology</subfield>
      </datafield>
      <datafield tag="916" ind1=" " ind2=" ">
         <subfield code="a">Batch:2159</subfield>
      </datafield>
      <datafield tag="917" ind1=" " ind2=" ">
         <subfield code="a">issued</subfield>
      </datafield>
      <datafield tag="918" ind1="2" ind2=" ">
         <subfield code="a">John Wiley &amp; Sons, Inc</subfield>
         <subfield code="e">provider</subfield>
         <subfield code="5">DNAL</subfield>
      </datafield>
      <datafield tag="935" ind1=" " ind2=" ">
         <subfield code="a">IND606314339</subfield>
         <subfield code="9">ExL</subfield>
      </datafield>
      <datafield tag="949" ind1=" " ind2=" ">
         <subfield code="a">2019-04-03</subfield>
      </datafield>
      <datafield tag="953" ind1=" " ind2=" ">
         <subfield code="a">/data/metadata/incoming/wiley/09621083_2019_28_3.xml</subfield>
      </datafield>
      <datafield tag="954" ind1=" " ind2=" ">
         <subfield code="a">file:/data/metadata/staging/wiley/09621083_2019_28_3.xml</subfield>
      </datafield>
      <datafield tag="955" ind1=" " ind2=" ">
         <subfield code="a">/data/metadata/staging/wiley/</subfield>
      </datafield>
      <datafield tag="962" ind1=" " ind2=" ">
         <subfield code="a">Batch:2159 reviewed on 2019-04-03T16:00:04Z</subfield>
      </datafield>
      <datafield tag="974" ind1=" " ind2=" ">
         <subfield code="a">agid:6314339</subfield>
      </datafield>
      <datafield tag="983" ind1=" " ind2=" ">
         <subfield code="a">2019-02-23</subfield>
      </datafield>
      <datafield tag="984" ind1=" " ind2=" ">
         <subfield code="a">2019-04-03</subfield>
      </datafield>
   </record>