
   <!--Record: 69-->
   <record>
      <leader>08364nab a2200889 u 4500</leader>
      <controlfield tag="001">9916031163207426</controlfield>
      <controlfield tag="005">20221121100412.0</controlfield>
      <controlfield tag="008">200228e20200401xx |||||o|||||||||||eng||</controlfield>
      <datafield tag="016" ind1="7" ind2=" ">
         <subfield code="a">IND606823573</subfield>
         <subfield code="2">DNAL</subfield>
      </datafield>
      <datafield tag="024" ind1="7" ind2=" ">
         <subfield code="a">10.1016/j.foreco.2020.117908</subfield>
         <subfield code="2">doi</subfield>
      </datafield>
      <datafield tag="035" ind1=" " ind2=" ">
         <subfield code="a">agid:6823573-01nal_inst</subfield>
      </datafield>
      <datafield tag="040" ind1=" " ind2=" ">
         <subfield code="a">AGL</subfield>
         <subfield code="b">eng</subfield>
         <subfield code="c">AGL</subfield>
      </datafield>
      <datafield tag="100" ind1="1" ind2=" ">
         <subfield code="a">Steckel, M.</subfield>
         <subfield code="e">author</subfield>
         <subfield code="u">Chair of Forest Growth and Yield Science, TUM School of Life Sciences
        Weihenstephan, Technical University of Munich, Hans-Carl-v.-Carlowitz-Platz 2, 85354
        Freising, Germany</subfield>
      </datafield>
      <datafield tag="245" ind1="1" ind2="0">
         <subfield code="a">Species mixing reduces drought susceptibility of Scots pine (Pinus
        sylvestris L.) and oak (Quercus robur L., Quercus petraea (Matt.) Liebl.) – Site water
        supply and fertility modify the mixing effect</subfield>
      </datafield>
      <datafield tag="520" ind1=" " ind2=" ">
         <subfield code="a">Tree species mixing has been widely promoted as a promising silvicultural
        tool for reducing drought stress. However, so far only a limited number of species
        combinations have been studied in detail, revealing inconsistent results. In this study, we
        analysed the effect of mixing Scots pine and oak (pedunculate oak and sessile oak) trees on
        their drought response along a comprehensive ecological gradient across Europe. The
        objective was to improve our knowledge of general drought response patterns of two
        fundamental European tree species in mixed versus monospecific stands. We focused on three
        null hypotheses: (HI) tree drought response does not differ between Scots pine and oak,
        (HII) tree drought response of Scots pine and oak is not affected by stand composition
        (mixture versus monoculture) and (HIII) tree drought response of Scots pine and oak in
        mixtures and monocultures is not modified by tree size or site conditions. To test the
        hypotheses, we analysed increment cores of Scots pine and oak, sampled in mixed and
        monospecific stands, covering a wide range of site conditions. We investigated resistance
        (the ability to maintain growth levels during drought), recovery (the ability to restore a
        level of growth after drought) and resilience (the capacity to recover to pre-drought growth
        levels), involving site-specific drought events that occurred between 1976 and 2015. In
        monocultures, oak showed a higher resistance and resilience than Scots pine, while recovery
        was lower. Scots pine in mixed stands exhibited a higher resistance, but also a lower
        recovery compared with Scots pine in monocultures. Mixing increased the resistance and
        resilience of oak. Ecological factors such as tree size, site water supply and site
        fertility were found to have significant effects on the drought response. In the case of
        Scots pine, resistance was increased by tree size, while recovery was lowered. Resistance of
        oak increased with site water supply. The observed mixing effect on the tree drought
        response of Scots pine and oak was in some cases modified by the site conditions studied.
        Positive mixing effects in terms of resistance and resilience of oak increased with site
        water supply, while the opposite was found regarding recovery. In contrast, site fertility
        lessened the positive mixing effect on the resistance of Scots pine. We hypothesise that the
        observed positive mixing effects under drought mainly result from water- and/or
        light-related species interactions that improve resource availability and uptake according
        to temporal and spatial variations in environmental conditions.</subfield>
      </datafield>
      <datafield tag="592" ind1=" " ind2=" ">
         <subfield code="a">Publisher supplied data</subfield>
      </datafield>
      <datafield tag="593" ind1=" " ind2=" ">
         <subfield code="a">PubAg article</subfield>
      </datafield>
      <datafield tag="650" ind1=" " ind2="3">
         <subfield code="a">Pinus sylvestris</subfield>
      </datafield>
      <datafield tag="650" ind1=" " ind2="3">
         <subfield code="a">Quercus petraea</subfield>
      </datafield>
      <datafield tag="650" ind1=" " ind2="3">
         <subfield code="a">Quercus robur</subfield>
      </datafield>
      <datafield tag="650" ind1=" " ind2="3">
         <subfield code="a">drought</subfield>
      </datafield>
      <datafield tag="650" ind1=" " ind2="3">
         <subfield code="a">environmental factors</subfield>
      </datafield>
      <datafield tag="650" ind1=" " ind2="3">
         <subfield code="a">mixed stands</subfield>
      </datafield>
      <datafield tag="650" ind1=" " ind2="3">
         <subfield code="a">mixing</subfield>
      </datafield>
      <datafield tag="650" ind1=" " ind2="3">
         <subfield code="a">trees</subfield>
      </datafield>
      <datafield tag="650" ind1=" " ind2="3">
         <subfield code="a">water stress</subfield>
      </datafield>
      <datafield tag="650" ind1=" " ind2="3">
         <subfield code="a">water supply</subfield>
      </datafield>
      <datafield tag="651" ind1=" " ind2="3">
         <subfield code="a">Europe</subfield>
      </datafield>
      <datafield tag="653" ind1=" " ind2="0">
         <subfield code="a">Complementarity</subfield>
      </datafield>
      <datafield tag="653" ind1=" " ind2="0">
         <subfield code="a">Drought stress</subfield>
      </datafield>
      <datafield tag="653" ind1=" " ind2="0">
         <subfield code="a">Ecological gradient</subfield>
      </datafield>
      <datafield tag="653" ind1=" " ind2="0">
         <subfield code="a">Facilitation</subfield>
      </datafield>
      <datafield tag="653" ind1=" " ind2="0">
         <subfield code="a">Recovery</subfield>
      </datafield>
      <datafield tag="653" ind1=" " ind2="0">
         <subfield code="a">Resilience</subfield>
      </datafield>
      <datafield tag="653" ind1=" " ind2="0">
         <subfield code="a">Resistance</subfield>
      </datafield>
      <datafield tag="653" ind1=" " ind2="0">
         <subfield code="a">SPEI</subfield>
      </datafield>
      <datafield tag="700" ind1="1" ind2=" ">
         <subfield code="a">del Río, M.</subfield>
         <subfield code="e">author</subfield>
         <subfield code="u">Sustainable Forest Research Institute, University of Valladolid and INIA,
        Avda. Madrid 44, 34004 Palencia, Spain</subfield>
      </datafield>
      <datafield tag="700" ind1="1" ind2=" ">
         <subfield code="a">Heym, M.</subfield>
         <subfield code="e">author</subfield>
         <subfield code="u">Chair of Forest Growth and Yield Science, TUM School of Life Sciences
        Weihenstephan, Technical University of Munich, Hans-Carl-v.-Carlowitz-Platz 2, 85354
        Freising, Germany</subfield>
      </datafield>
      <datafield tag="700" ind1="1" ind2=" ">
         <subfield code="a">Aldea, J.</subfield>
         <subfield code="e">author</subfield>
         <subfield code="u">Southern Swedish Forest Research Centre, Swedish University of Agricultural
        Sciences, Box 49, 23053 Alnarp, Sweden</subfield>
      </datafield>
      <datafield tag="700" ind1="1" ind2=" ">
         <subfield code="a">Bielak, K.</subfield>
         <subfield code="e">author</subfield>
         <subfield code="u">Department of Silviculture, Warsaw University of Life Sciences-SGGW,
        Nowoursynowska 159, 02776 Warsaw, Poland</subfield>
      </datafield>
      <datafield tag="700" ind1="1" ind2=" ">
         <subfield code="a">Brazaitis, G.</subfield>
         <subfield code="e">author</subfield>
         <subfield code="u">Institute of Forest Biology and Silviculture, Vytautas Magnus University,
        Studentų 11, Akademija, 53361 Kaunas Distr., Lithuania</subfield>
      </datafield>
      <datafield tag="700" ind1="1" ind2=" ">
         <subfield code="a">Černý, J.</subfield>
         <subfield code="e">author</subfield>
         <subfield code="u">Forestry and Game Management Research Institute, Strnady 136, 252 02
        Jíloviště, Czechia</subfield>
      </datafield>
      <datafield tag="700" ind1="1" ind2=" ">
         <subfield code="a">Coll, L.</subfield>
         <subfield code="e">author</subfield>
         <subfield code="u">Department of Agriculture and Forest Engineering (EAGROF), University of
        Lleida – Joint Research Unit CTFC-AGROTECNIO, Lleida, Spain</subfield>
      </datafield>
      <datafield tag="700" ind1="1" ind2=" ">
         <subfield code="a">Collet, C.</subfield>
         <subfield code="e">author</subfield>
         <subfield code="u">AgroParisTech, INRA, UMR Silva, Université de Lorraine, 54000 Nancy,
        France</subfield>
      </datafield>
      <datafield tag="700" ind1="1" ind2=" ">
         <subfield code="a">Ehbrecht, M.</subfield>
         <subfield code="e">author</subfield>
         <subfield code="u">Silviculture and Forest Ecology of the Temperate Zones,
        Georg-August-Universität Göttingen, Büsgenweg 1, 37077 Göttingen, Germany</subfield>
      </datafield>
      <datafield tag="700" ind1="1" ind2=" ">
         <subfield code="a">Jansons, A.</subfield>
         <subfield code="e">author</subfield>
         <subfield code="u">Latvian State Forest Research Institute Silava, Rigas Street 111, Salaspils
        2169, Latvia</subfield>
      </datafield>
      <datafield tag="700" ind1="1" ind2=" ">
         <subfield code="a">Nothdurft, A.</subfield>
         <subfield code="e">author</subfield>
         <subfield code="u">Department of Forest- and Soil Sciences, Institute of Forest Growth,
        University of Natural Resources and Life Sciences Vienna (BOKU), Peter-Jordan-Straße 82/DG,
        1190 Vienna, Austria</subfield>
      </datafield>
      <datafield tag="700" ind1="1" ind2=" ">
         <subfield code="a">Pach, M.</subfield>
         <subfield code="e">author</subfield>
         <subfield code="u">Department of Forest Ecology and Silviculture, Faculty of Forestry,
        University of Agriculture in Krakow, al. 29-Listopada 46, 31-425 Krakow, Poland</subfield>
      </datafield>
      <datafield tag="700" ind1="1" ind2=" ">
         <subfield code="a">Pardos, M.</subfield>
         <subfield code="e">author</subfield>
         <subfield code="u">Department of Forest Dynamics and Management, INIA-CIFOR, Ctra. A Coruña Km
        7.5, 28040 Madrid, Spain</subfield>
      </datafield>
      <datafield tag="700" ind1="1" ind2=" ">
         <subfield code="a">Ponette, Q.</subfield>
         <subfield code="e">author</subfield>
         <subfield code="u">Faculty of Bioscience Engineering and Earth and Life Institute, UCLouvain –
        Université catholique de Louvain, Croix du Sud 2/L7.05.09, 1348 Louvain-la-Neuve,
        Belgium</subfield>
      </datafield>
      <datafield tag="700" ind1="1" ind2=" ">
         <subfield code="a">Reventlow, D.O.J.</subfield>
         <subfield code="e">author</subfield>
         <subfield code="u">Section for Forest, Nature and Biomass, Department of Geosciences and
        Natural Resource Management, University of Copenhagen, Rolighedsvej 23, 1958 Frederiksberg
        C, Denmark</subfield>
      </datafield>
      <datafield tag="700" ind1="1" ind2=" ">
         <subfield code="a">Sitko, R.</subfield>
         <subfield code="e">author</subfield>
         <subfield code="u">Faculty of Forestry, Technical University in Zvolen, T. G. Masaryka
        2117/24, 96053 Zvolen, Slovakia</subfield>
      </datafield>
      <datafield tag="700" ind1="1" ind2=" ">
         <subfield code="a">Svoboda, M.</subfield>
         <subfield code="e">author</subfield>
         <subfield code="u">Department of Forest Ecology, Faculty of Forestry and Wood Sciences, Czech
        University of Life Sciences, Kamýcká 129, 16521 Prague 6, Suchdol, Czech Republic</subfield>
      </datafield>
      <datafield tag="700" ind1="1" ind2=" ">
         <subfield code="a">Vallet, P.</subfield>
         <subfield code="e">author</subfield>
         <subfield code="u">Univ. Grenoble Alpes, INRAE, LESSEM, 38402 St-Martin-d'Hères,
        France</subfield>
      </datafield>
      <datafield tag="700" ind1="1" ind2=" ">
         <subfield code="a">Wolff, B.</subfield>
         <subfield code="e">author</subfield>
         <subfield code="u">Faculty of Forest and Environment, Eberswalde University for Sustainable
        Development, Alfred-Möller-Straße 1, 16225 Eberswalde, Germany</subfield>
      </datafield>
      <datafield tag="700" ind1="1" ind2=" ">
         <subfield code="a">Pretzsch, H.</subfield>
         <subfield code="e">author</subfield>
         <subfield code="u">Chair of Forest Growth and Yield Science, TUM School of Life Sciences
        Weihenstephan, Technical University of Munich, Hans-Carl-v.-Carlowitz-Platz 2, 85354
        Freising, Germany</subfield>
      </datafield>
      <datafield tag="773" ind1="0" ind2=" ">
         <subfield code="t">Forest ecology and management.</subfield>
         <subfield code="g">2020 Apr. 01, v. 461 p.117908-</subfield>
         <subfield code="d">Elsevier B.V.</subfield>
         <subfield code="w">Journal:jnl9013</subfield>
         <subfield code="x">0378-1127</subfield>
         <subfield code="7">nnas</subfield>
      </datafield>
      <datafield tag="787" ind1="1" ind2=" ">
         <subfield code="o">islandora_article_repository</subfield>
      </datafield>
      <datafield tag="787" ind1="1" ind2=" ">
         <subfield code="o">product_pubag</subfield>
      </datafield>
      <datafield tag="787" ind1="1" ind2=" ">
         <subfield code="o">(Journal)jnl9013</subfield>
      </datafield>
      <datafield tag="856" ind1="4" ind2="0">
         <subfield code="u">https://dx.doi.org/10.1016/j.foreco.2020.117908</subfield>
         <subfield code="3">Available from publisher's site</subfield>
      </datafield>
      <datafield tag="912" ind1=" " ind2=" ">
         <subfield code="a">Article</subfield>
      </datafield>
      <datafield tag="914" ind1=" " ind2=" ">
         <subfield code="a">Journal:jnl9013</subfield>
         <subfield code="b">0378-1127</subfield>
         <subfield code="e">117908</subfield>
      </datafield>
      <datafield tag="914" ind1=" " ind2=" ">
         <subfield code="f">Forest ecology and management</subfield>
      </datafield>
      <datafield tag="916" ind1=" " ind2=" ">
         <subfield code="a">Batch:2416</subfield>
      </datafield>
      <datafield tag="917" ind1=" " ind2=" ">
         <subfield code="a">issued</subfield>
      </datafield>
      <datafield tag="918" ind1="2" ind2=" ">
         <subfield code="a">Elsevier Consyn</subfield>
         <subfield code="e">provider</subfield>
         <subfield code="5">DNAL</subfield>
      </datafield>
      <datafield tag="935" ind1=" " ind2=" ">
         <subfield code="a">IND606823573</subfield>
         <subfield code="9">ExL</subfield>
      </datafield>
      <datafield tag="949" ind1=" " ind2=" ">
         <subfield code="a">2020-03-05</subfield>
      </datafield>
      <datafield tag="953" ind1=" " ind2=" ">
         <subfield code="a">/data/metadata/incoming/consyn/50570038892563595-00003-HEAD-ONLY-NEW CONSYN
        ISSNS.zip</subfield>
      </datafield>
      <datafield tag="954" ind1=" " ind2=" ">
         <subfield code="a">file:/data/metadata/staging/consyn/S0378112719323643.xml</subfield>
      </datafield>
      <datafield tag="955" ind1=" " ind2=" ">
         <subfield code="a">/data/metadata/staging/consyn/</subfield>
      </datafield>
      <datafield tag="962" ind1=" " ind2=" ">
         <subfield code="a">Batch:2416 reviewed on 2020-03-03T16:00:04Z</subfield>
      </datafield>
      <datafield tag="962" ind1=" " ind2=" ">
         <subfield code="a">Batch:2416 reviewed on 2020-03-05T16:00:03Z</subfield>
      </datafield>
      <datafield tag="974" ind1=" " ind2=" ">
         <subfield code="a">agid:6823573</subfield>
      </datafield>
      <datafield tag="983" ind1=" " ind2=" ">
         <subfield code="a">2020-02-28</subfield>
      </datafield>
      <datafield tag="984" ind1=" " ind2=" ">
         <subfield code="a">2020-03-05</subfield>
      </datafield>
   </record>