
   <!--Record: 71-->
   <record>
      <leader>04024nab a2200637 u 4500</leader>
      <controlfield tag="001">9916031529107426</controlfield>
      <controlfield tag="005">20221121025747.0</controlfield>
      <controlfield tag="008">180102e201406 xx |||||o|||||||||||eng||</controlfield>
      <datafield tag="016" ind1="7" ind2=" ">
         <subfield code="a">IND605876418</subfield>
         <subfield code="2">DNAL</subfield>
      </datafield>
      <datafield tag="024" ind1="7" ind2=" ">
         <subfield code="a">10.1890/13-0070.1</subfield>
         <subfield code="2">doi</subfield>
      </datafield>
      <datafield tag="035" ind1=" " ind2=" ">
         <subfield code="a">agid:5876418-01nal_inst</subfield>
      </datafield>
      <datafield tag="040" ind1=" " ind2=" ">
         <subfield code="a">AGL</subfield>
         <subfield code="b">eng</subfield>
         <subfield code="c">AGL</subfield>
      </datafield>
      <datafield tag="100" ind1="1" ind2=" ">
         <subfield code="a">Goodman, Rosa C.</subfield>
         <subfield code="e">author</subfield>
         <subfield code="u">School of Geography, University of Leeds, Leeds LS2 9JT United Kingdom.
        rosa.goodman@gmail.com</subfield>
      </datafield>
      <datafield tag="245" ind1="1" ind2="4">
         <subfield code="a">The importance of crown dimensions to improve tropical tree biomass
        estimates</subfield>
      </datafield>
      <datafield tag="300" ind1=" " ind2=" ">
         <subfield code="a">p. 680-698.</subfield>
      </datafield>
      <datafield tag="500" ind1=" " ind2=" ">
         <subfield code="a">JOURNAL ARTICLE</subfield>
      </datafield>
      <datafield tag="520" ind1=" " ind2=" ">
         <subfield code="a">Tropical forests play a vital role in the global carbon cycle, but the
        amount of carbon they contain and its spatial distribution remain uncertain. Recent studies
        suggest that once tree height is accounted for in biomass calculations, in addition to
        diameter and wood density, carbon stock estimates are reduced in many areas. However, it is
        possible that larger crown sizes might offset the reduction in biomass estimates in some
        forests where tree heights are lower because even comparatively short trees develop large,
        well‐lit crowns in or above the forest canopy. While current allometric models and theory
        focus on diameter, wood density, and height, the influence of crown size and structure has
        not been well studied. To test the extent to which accounting for crown parameters can
        improve biomass estimates, we harvested and weighed 51 trees (11–169 cm diameter) in
        southwestern Amazonia where no direct biomass measurements have been made. The trees in our
        study had nearly half of total aboveground biomass in the branches (44% ± 2% [mean ± SE]),
        demonstrating the importance of accounting for tree crowns. Consistent with our predictions,
        key pantropical equations that include height, but do not account for crown dimensions,
        underestimated the sum total biomass of all 51 trees by 11% to 14%, primarily due to
        substantial underestimates of many of the largest trees. In our models, including crown
        radius greatly improves performance and reduces error, especially for the largest trees. In
        addition, over the full data set, crown radius explained more variation in aboveground
        biomass (10.5%) than height (6.0%). Crown form is also important: Trees with a monopodial
        architectural type are estimated to have 21–44% less mass than trees with other growth
        patterns. Our analysis suggests that accounting for crown allometry would substantially
        improve the accuracy of tropical estimates of tree biomass and its distribution in primary
        and degraded forests.</subfield>
      </datafield>
      <datafield tag="592" ind1=" " ind2=" ">
         <subfield code="a">Publisher supplied data</subfield>
      </datafield>
      <datafield tag="593" ind1=" " ind2=" ">
         <subfield code="a">PubAg article</subfield>
      </datafield>
      <datafield tag="650" ind1=" " ind2="3">
         <subfield code="a">aboveground biomass</subfield>
      </datafield>
      <datafield tag="650" ind1=" " ind2="3">
         <subfield code="a">allometry</subfield>
      </datafield>
      <datafield tag="650" ind1=" " ind2="3">
         <subfield code="a">branches</subfield>
      </datafield>
      <datafield tag="650" ind1=" " ind2="3">
         <subfield code="a">carbon</subfield>
      </datafield>
      <datafield tag="650" ind1=" " ind2="3">
         <subfield code="a">carbon cycle</subfield>
      </datafield>
      <datafield tag="650" ind1=" " ind2="3">
         <subfield code="a">carbon sinks</subfield>
      </datafield>
      <datafield tag="650" ind1=" " ind2="3">
         <subfield code="a">data collection</subfield>
      </datafield>
      <datafield tag="650" ind1=" " ind2="3">
         <subfield code="a">equations</subfield>
      </datafield>
      <datafield tag="650" ind1=" " ind2="3">
         <subfield code="a">forest canopy</subfield>
      </datafield>
      <datafield tag="650" ind1=" " ind2="3">
         <subfield code="a">forest damage</subfield>
      </datafield>
      <datafield tag="650" ind1=" " ind2="3">
         <subfield code="a">models</subfield>
      </datafield>
      <datafield tag="650" ind1=" " ind2="3">
         <subfield code="a">prediction</subfield>
      </datafield>
      <datafield tag="650" ind1=" " ind2="3">
         <subfield code="a">trees</subfield>
      </datafield>
      <datafield tag="650" ind1=" " ind2="3">
         <subfield code="a">tropical forests</subfield>
      </datafield>
      <datafield tag="650" ind1=" " ind2="3">
         <subfield code="a">tropical plants</subfield>
      </datafield>
      <datafield tag="650" ind1=" " ind2="3">
         <subfield code="a">wood density</subfield>
      </datafield>
      <datafield tag="651" ind1=" " ind2="3">
         <subfield code="a">Amazonia</subfield>
      </datafield>
      <datafield tag="700" ind1="1" ind2=" ">
         <subfield code="a">Phillips, Oliver L.</subfield>
         <subfield code="e">author</subfield>
      </datafield>
      <datafield tag="700" ind1="1" ind2=" ">
         <subfield code="a">Baker, Timothy R.</subfield>
         <subfield code="e">author</subfield>
      </datafield>
      <datafield tag="773" ind1="0" ind2=" ">
         <subfield code="t">Ecological applications.</subfield>
         <subfield code="g">2014 June, v. 24, no. 4 p.680-698</subfield>
         <subfield code="d">Ecological Society of America</subfield>
         <subfield code="w">Journal:jnl47193</subfield>
         <subfield code="x">1051-0761</subfield>
         <subfield code="7">nnas</subfield>
      </datafield>
      <datafield tag="787" ind1="1" ind2=" ">
         <subfield code="o">islandora_article_repository</subfield>
      </datafield>
      <datafield tag="787" ind1="1" ind2=" ">
         <subfield code="o">product_pubag</subfield>
      </datafield>
      <datafield tag="787" ind1="1" ind2=" ">
         <subfield code="o">(Journal)jnl47193</subfield>
      </datafield>
      <datafield tag="856" ind1="4" ind2="0">
         <subfield code="u">http://dx.doi.org/10.1890/13-0070.1</subfield>
         <subfield code="3">Available from publisher's site</subfield>
      </datafield>
      <datafield tag="912" ind1=" " ind2=" ">
         <subfield code="a">Article</subfield>
      </datafield>
      <datafield tag="914" ind1=" " ind2=" ">
         <subfield code="a">Journal:jnl47193</subfield>
         <subfield code="b">1051-0761</subfield>
         <subfield code="c">24</subfield>
         <subfield code="d">4</subfield>
         <subfield code="e">680</subfield>
      </datafield>
      <datafield tag="914" ind1=" " ind2=" ">
         <subfield code="f">Ecological applications</subfield>
      </datafield>
      <datafield tag="916" ind1=" " ind2=" ">
         <subfield code="a">Batch:1910</subfield>
      </datafield>
      <datafield tag="917" ind1=" " ind2=" ">
         <subfield code="a">issued</subfield>
      </datafield>
      <datafield tag="918" ind1="2" ind2=" ">
         <subfield code="a">John Wiley &amp; Sons, Inc</subfield>
         <subfield code="e">provider</subfield>
         <subfield code="5">DNAL</subfield>
      </datafield>
      <datafield tag="935" ind1=" " ind2=" ">
         <subfield code="a">IND605876418</subfield>
         <subfield code="9">ExL</subfield>
      </datafield>
      <datafield tag="949" ind1=" " ind2=" ">
         <subfield code="a">2018-02-28</subfield>
      </datafield>
      <datafield tag="953" ind1=" " ind2=" ">
         <subfield code="a">10510761_2014_24_4.xml</subfield>
      </datafield>
      <datafield tag="962" ind1=" " ind2=" ">
         <subfield code="a">Batch:1910 reviewed on 2018-02-28T15:00:02Z</subfield>
      </datafield>
      <datafield tag="974" ind1=" " ind2=" ">
         <subfield code="a">agid:5876418</subfield>
      </datafield>
      <datafield tag="983" ind1=" " ind2=" ">
         <subfield code="a">2018-01-02</subfield>
      </datafield>
      <datafield tag="984" ind1=" " ind2=" ">
         <subfield code="a">2018-02-28</subfield>
      </datafield>
   </record>