
   <!--Record: 72-->
   <record>
      <leader>04248nab a2200697 u 4500</leader>
      <controlfield tag="001">9916031617607426</controlfield>
      <controlfield tag="005">20221121223432.0</controlfield>
      <controlfield tag="008">190403e201303 xx |||||o|||||||||||eng||</controlfield>
      <datafield tag="016" ind1="7" ind2=" ">
         <subfield code="a">IND500654186</subfield>
         <subfield code="2">DNAL</subfield>
      </datafield>
      <datafield tag="024" ind1="7" ind2=" ">
         <subfield code="a">10.1016/j.flora.2013.03.002</subfield>
         <subfield code="2">doi</subfield>
      </datafield>
      <datafield tag="035" ind1=" " ind2=" ">
         <subfield code="a">agid:562426-01nal_inst</subfield>
      </datafield>
      <datafield tag="040" ind1=" " ind2=" ">
         <subfield code="a">AGL</subfield>
         <subfield code="b">eng</subfield>
         <subfield code="c">AGL</subfield>
      </datafield>
      <datafield tag="100" ind1="1" ind2=" ">
         <subfield code="a">Sanchez, Maryland</subfield>
         <subfield code="e">author</subfield>
         <subfield code="u">Universidade Federal de Mato Grosso, Instituto de Ciências Biológicas e da
        Saúde, Barra do Garças, MT 78600-000, Brazil</subfield>
      </datafield>
      <datafield tag="245" ind1="1" ind2="0">
         <subfield code="a">Changes in tree community composition and structure of Atlantic rain forest
        on a slope of the Serra do Mar range, southeastern Brazil, from near sea level to 1000m of
        altitude</subfield>
      </datafield>
      <datafield tag="300" ind1=" " ind2=" ">
         <subfield code="a">p. 184-196.</subfield>
      </datafield>
      <datafield tag="500" ind1=" " ind2=" ">
         <subfield code="a">2019-12-06</subfield>
      </datafield>
      <datafield tag="520" ind1=" " ind2=" ">
         <subfield code="a">Variations of tree species composition and community structure and their
        relationship with environmental variables are described for five sites of the Atlantic rain
        forest in Picinguaba, southeastern Brazil, distributed along an elevation gradient sampled
        by plots located at the altitudes of 2, 100, 300, 600 and 1000m a.s.l. Sampled trees with
        DBH≥5cm were identified to species level and their diameter and height were measured.
        Environmental variables obtained for each plot included 11 topsoil variables and altitude.
        The residuals of all linear models were tested for spatial structure and multivariate
        analyses were performed to seek for relationships between the overall species’ abundances
        and selected environmental variables. Although both forest physiognomy and species’
        abundances did change with altitude, this was clearly sharp only from the coastal plain (2m)
        to 100m, and from 600m to the summit (1000m). The three mid-slope sites (100, 300 and 600m)
        were rather undifferentiated, though they were richer in species and had taller canopy
        trees. The altitude and the edaphic variables silt, clay, pH and total exchangeable bases
        (TEB) presented significant correlations with the variations in species’ abundances, while
        only pH and TEB were significantly correlated with species richness. The present study
        demonstrates for the first time that the composition and structure of Atlantic Forest can
        change accompanying the soil and altitude variations over short distances.</subfield>
      </datafield>
      <datafield tag="592" ind1=" " ind2=" ">
         <subfield code="a">Publisher supplied data</subfield>
      </datafield>
      <datafield tag="593" ind1=" " ind2=" ">
         <subfield code="a">PubAg article</subfield>
      </datafield>
      <datafield tag="650" ind1=" " ind2="3">
         <subfield code="a">interspecific variation</subfield>
      </datafield>
      <datafield tag="650" ind1=" " ind2="3">
         <subfield code="a">canopy</subfield>
      </datafield>
      <datafield tag="650" ind1=" " ind2="3">
         <subfield code="a">linear models</subfield>
      </datafield>
      <datafield tag="650" ind1=" " ind2="3">
         <subfield code="a">community structure</subfield>
      </datafield>
      <datafield tag="650" ind1=" " ind2="3">
         <subfield code="a">sea level</subfield>
      </datafield>
      <datafield tag="650" ind1=" " ind2="3">
         <subfield code="a">multivariate analysis</subfield>
      </datafield>
      <datafield tag="650" ind1=" " ind2="3">
         <subfield code="a">clay</subfield>
      </datafield>
      <datafield tag="650" ind1=" " ind2="3">
         <subfield code="a">rain forests</subfield>
      </datafield>
      <datafield tag="650" ind1=" " ind2="3">
         <subfield code="a">trees</subfield>
      </datafield>
      <datafield tag="650" ind1=" " ind2="3">
         <subfield code="a">topsoil</subfield>
      </datafield>
      <datafield tag="650" ind1=" " ind2="3">
         <subfield code="a">pH</subfield>
      </datafield>
      <datafield tag="650" ind1=" " ind2="3">
         <subfield code="a">species diversity</subfield>
      </datafield>
      <datafield tag="650" ind1=" " ind2="3">
         <subfield code="a">altitude</subfield>
      </datafield>
      <datafield tag="650" ind1=" " ind2="3">
         <subfield code="a">silt</subfield>
      </datafield>
      <datafield tag="651" ind1=" " ind2="3">
         <subfield code="a">Brazil</subfield>
      </datafield>
      <datafield tag="653" ind1=" " ind2="0">
         <subfield code="a">species differences</subfield>
      </datafield>
      <datafield tag="653" ind1=" " ind2="0">
         <subfield code="a">Altitudinal gradient</subfield>
      </datafield>
      <datafield tag="653" ind1=" " ind2="0">
         <subfield code="a">Diversity</subfield>
      </datafield>
      <datafield tag="653" ind1=" " ind2="0">
         <subfield code="a">Vegetation patterns</subfield>
      </datafield>
      <datafield tag="653" ind1=" " ind2="0">
         <subfield code="a">Floristic composition</subfield>
      </datafield>
      <datafield tag="653" ind1=" " ind2="0">
         <subfield code="a">Montane forest</subfield>
      </datafield>
      <datafield tag="700" ind1="1" ind2=" ">
         <subfield code="a">Pedroni, Fernando</subfield>
         <subfield code="e">author</subfield>
         <subfield code="u">Universidade Federal de Mato Grosso, Instituto de Ciências Biológicas e da
        Saúde, Barra do Garças, MT 78600-000, Brazil</subfield>
      </datafield>
      <datafield tag="700" ind1="1" ind2=" ">
         <subfield code="a">Eisenlohr, Pedro V.</subfield>
         <subfield code="e">author</subfield>
         <subfield code="u">Universidade Federal de Minas Gerais, Departamento de Botânica, ICB, Belo
        Horizonte, MG 30161-970, Brazil</subfield>
      </datafield>
      <datafield tag="700" ind1="1" ind2=" ">
         <subfield code="a">Oliveira-Filho, Ary T.</subfield>
         <subfield code="e">author</subfield>
         <subfield code="u">Universidade Federal de Minas Gerais, Departamento de Botânica, ICB, Belo
        Horizonte, MG 30161-970, Brazil</subfield>
      </datafield>
      <datafield tag="773" ind1="0" ind2=" ">
         <subfield code="t">Flora.</subfield>
         <subfield code="g">2013 Mar., v. 208, no. 3 p.184-196</subfield>
         <subfield code="d">Elsevier GmbH</subfield>
         <subfield code="w">Journal:jnl51878</subfield>
         <subfield code="x">0367-2530</subfield>
         <subfield code="7">nnas</subfield>
      </datafield>
      <datafield tag="787" ind1="1" ind2=" ">
         <subfield code="o">islandora_article_repository</subfield>
      </datafield>
      <datafield tag="787" ind1="1" ind2=" ">
         <subfield code="o">product_pubag</subfield>
      </datafield>
      <datafield tag="787" ind1="1" ind2=" ">
         <subfield code="o">(Journal)jnl51878</subfield>
      </datafield>
      <datafield tag="856" ind1="4" ind2="0">
         <subfield code="u">https://dx.doi.org/10.1016/j.flora.2013.03.002</subfield>
         <subfield code="3">Available from publisher's site</subfield>
      </datafield>
      <datafield tag="912" ind1=" " ind2=" ">
         <subfield code="a">Article</subfield>
      </datafield>
      <datafield tag="914" ind1=" " ind2=" ">
         <subfield code="a">Journal:jnl51878</subfield>
         <subfield code="b">0367-2530</subfield>
         <subfield code="c">208</subfield>
         <subfield code="d">3</subfield>
         <subfield code="e">184</subfield>
      </datafield>
      <datafield tag="914" ind1=" " ind2=" ">
         <subfield code="f">Flora</subfield>
      </datafield>
      <datafield tag="917" ind1=" " ind2=" ">
         <subfield code="a">issued</subfield>
      </datafield>
      <datafield tag="918" ind1="2" ind2=" ">
         <subfield code="a">Elsevier Consyn</subfield>
         <subfield code="e">provider</subfield>
         <subfield code="5">DNAL</subfield>
      </datafield>
      <datafield tag="935" ind1=" " ind2=" ">
         <subfield code="a">IND500654186</subfield>
         <subfield code="9">ExL</subfield>
      </datafield>
      <datafield tag="949" ind1=" " ind2=" ">
         <subfield code="a">2019-04-03</subfield>
      </datafield>
      <datafield tag="953" ind1=" " ind2=" ">
         <subfield code="a">/data/metadata/incoming/consyn-backfiles/46-2-00063-HEAD-ONLY.zip</subfield>
      </datafield>
      <datafield tag="954" ind1=" " ind2=" ">
         <subfield code="a">file:/data/metadata/staging/consyn-backfiles/S0367253013000315.xml</subfield>
      </datafield>
      <datafield tag="955" ind1=" " ind2=" ">
         <subfield code="a">/data/metadata/staging/consyn-backfiles/</subfield>
      </datafield>
      <datafield tag="974" ind1=" " ind2=" ">
         <subfield code="a">agid:562426</subfield>
      </datafield>
      <datafield tag="983" ind1=" " ind2=" ">
         <subfield code="a">2019-04-03</subfield>
      </datafield>
      <datafield tag="984" ind1=" " ind2=" ">
         <subfield code="a">2019-04-03</subfield>
      </datafield>
   </record>