
   <!--Record: 73-->
   <record>
      <leader>03678nab a2200673 u 4500</leader>
      <controlfield tag="001">9916032368007426</controlfield>
      <controlfield tag="005">20221121032625.0</controlfield>
      <controlfield tag="008">210827e20210726xx |||||o|||||||||||eng||</controlfield>
      <datafield tag="016" ind1="7" ind2=" ">
         <subfield code="a">IND607485206</subfield>
         <subfield code="2">DNAL</subfield>
      </datafield>
      <datafield tag="024" ind1="7" ind2=" ">
         <subfield code="a">10.3390/foods10081721</subfield>
         <subfield code="2">doi</subfield>
      </datafield>
      <datafield tag="035" ind1=" " ind2=" ">
         <subfield code="a">agid:7485206-01nal_inst</subfield>
      </datafield>
      <datafield tag="040" ind1=" " ind2=" ">
         <subfield code="a">AGL</subfield>
         <subfield code="b">eng</subfield>
         <subfield code="c">AGL</subfield>
      </datafield>
      <datafield tag="100" ind1="1" ind2=" ">
         <subfield code="a">Lu, Yan </subfield>
         <subfield code="e">author</subfield>
      </datafield>
      <datafield tag="245" ind1="1" ind2="0">
         <subfield code="a">Comparative Study of Physicochemical Properties and Starch Granule
        Structure in Seven Ginkgo Kernel Flours</subfield>
      </datafield>
      <datafield tag="520" ind1=" " ind2=" ">
         <subfield code="a">Ginkgo biloba L. is an important economic tree species in China, and its
        kernels have been used as a popular food in Asian countries. Herein, the morphology, basic
        chemical components, starch granule structures, and physicochemical properties of kernel
        flours from seven ginkgo cultivars were investigated, and their relationships were analyzed.
        The kernels were oval or spherical in shape, with variable sizes. The starch granules
        exhibited both regular and irregular Maltese cross patterns. Amylose was mainly distributed
        in amorphous growth rings. A spatial variation in the 865/942 cm⁻¹ ratio was observed within
        individual starch granules. Variations in total starch content, apparent amylose content
        (AAC), crude protein content (CPC), total amino acid content (TAAC), starch fine structure,
        and thermal and pasting properties were observed among the seven kernel flours. Pearson
        correlation coefficients and principle component analyses showed that the thermal properties
        were affected by kernel CPC, TAAC, AAC, and starch fine structure, while the pasting
        properties were affected by AAC and starch fine structure. Furthermore, experiments showed
        that the seed protein structure and α-amylase activity affected the pasting properties of
        ginkgo kernel flours.</subfield>
      </datafield>
      <datafield tag="592" ind1=" " ind2=" ">
         <subfield code="a">Publisher supplied data</subfield>
      </datafield>
      <datafield tag="593" ind1=" " ind2=" ">
         <subfield code="a">PubAg article</subfield>
      </datafield>
      <datafield tag="650" ind1=" " ind2="3">
         <subfield code="a">Ginkgo biloba</subfield>
      </datafield>
      <datafield tag="650" ind1=" " ind2="3">
         <subfield code="a">Silene chalcedonica</subfield>
      </datafield>
      <datafield tag="650" ind1=" " ind2="3">
         <subfield code="a">alpha-amylase</subfield>
      </datafield>
      <datafield tag="650" ind1=" " ind2="3">
         <subfield code="a">amino acid composition</subfield>
      </datafield>
      <datafield tag="650" ind1=" " ind2="3">
         <subfield code="a">amylose</subfield>
      </datafield>
      <datafield tag="650" ind1=" " ind2="3">
         <subfield code="a">comparative study</subfield>
      </datafield>
      <datafield tag="650" ind1=" " ind2="3">
         <subfield code="a">crude protein</subfield>
      </datafield>
      <datafield tag="650" ind1=" " ind2="3">
         <subfield code="a">cultivars</subfield>
      </datafield>
      <datafield tag="650" ind1=" " ind2="3">
         <subfield code="a">protein structure</subfield>
      </datafield>
      <datafield tag="650" ind1=" " ind2="3">
         <subfield code="a">seeds</subfield>
      </datafield>
      <datafield tag="650" ind1=" " ind2="3">
         <subfield code="a">starch granules</subfield>
      </datafield>
      <datafield tag="650" ind1=" " ind2="3">
         <subfield code="a">trees</subfield>
      </datafield>
      <datafield tag="651" ind1=" " ind2="3">
         <subfield code="a">China</subfield>
      </datafield>
      <datafield tag="700" ind1="1" ind2=" ">
         <subfield code="a">Hao, Weizhuo </subfield>
         <subfield code="e">author</subfield>
      </datafield>
      <datafield tag="700" ind1="1" ind2=" ">
         <subfield code="a">Zhang, Xiaomin </subfield>
         <subfield code="e">author</subfield>
      </datafield>
      <datafield tag="700" ind1="1" ind2=" ">
         <subfield code="a">Zhao, Yue </subfield>
         <subfield code="e">author</subfield>
      </datafield>
      <datafield tag="700" ind1="1" ind2=" ">
         <subfield code="a">Xu, Yang </subfield>
         <subfield code="e">author</subfield>
      </datafield>
      <datafield tag="700" ind1="1" ind2=" ">
         <subfield code="a">Luo, Jixun </subfield>
         <subfield code="e">author</subfield>
      </datafield>
      <datafield tag="700" ind1="1" ind2=" ">
         <subfield code="a">Liu, Qing </subfield>
         <subfield code="e">author</subfield>
      </datafield>
      <datafield tag="700" ind1="1" ind2=" ">
         <subfield code="a">Liu, Qiaoquan </subfield>
         <subfield code="e">author</subfield>
      </datafield>
      <datafield tag="700" ind1="1" ind2=" ">
         <subfield code="a">Wang, Li </subfield>
         <subfield code="e">author</subfield>
      </datafield>
      <datafield tag="700" ind1="1" ind2=" ">
         <subfield code="a">Zhang, Changquan </subfield>
         <subfield code="e">author</subfield>
         <subfield code="u">Key Laboratory of Plant Functional Genomics of the Ministry of Education,
        Co-Innovation Center for Modern Production Technology of Grain Crops, Agricultural College
        of Yangzhou University, Yangzhou 225009, China</subfield>
      </datafield>
      <datafield tag="773" ind1="0" ind2=" ">
         <subfield code="t">Foods.</subfield>
         <subfield code="g">2021 July 26, v. 10, no. 8</subfield>
         <subfield code="d">Multidisciplinary Digital Publishing Institute</subfield>
         <subfield code="w">Journal:21651</subfield>
         <subfield code="x">2304-8158</subfield>
         <subfield code="7">nnas</subfield>
      </datafield>
      <datafield tag="787" ind1="1" ind2=" ">
         <subfield code="o">islandora_article_repository</subfield>
      </datafield>
      <datafield tag="787" ind1="1" ind2=" ">
         <subfield code="o">product_pubag</subfield>
      </datafield>
      <datafield tag="787" ind1="1" ind2=" ">
         <subfield code="o">(Journal)21651</subfield>
      </datafield>
      <datafield tag="856" ind1="4" ind2="0">
         <subfield code="u">http://dx.doi.org/10.3390/foods10081721</subfield>
         <subfield code="3">Available from publisher's site</subfield>
      </datafield>
      <datafield tag="912" ind1=" " ind2=" ">
         <subfield code="a">Article</subfield>
      </datafield>
      <datafield tag="914" ind1=" " ind2=" ">
         <subfield code="a">Journal:21651</subfield>
         <subfield code="b">2304-8158</subfield>
         <subfield code="c">10</subfield>
         <subfield code="d">8</subfield>
      </datafield>
      <datafield tag="914" ind1=" " ind2=" ">
         <subfield code="f">Foods</subfield>
      </datafield>
      <datafield tag="916" ind1=" " ind2=" ">
         <subfield code="a">Batch:10184</subfield>
      </datafield>
      <datafield tag="917" ind1=" " ind2=" ">
         <subfield code="a">issued</subfield>
      </datafield>
      <datafield tag="918" ind1="2" ind2=" ">
         <subfield code="a">Multidisciplinary Digital Publishing Institute</subfield>
         <subfield code="e">provider</subfield>
         <subfield code="5">DNAL</subfield>
      </datafield>
      <datafield tag="935" ind1=" " ind2=" ">
         <subfield code="a">IND607485206</subfield>
         <subfield code="9">ExL</subfield>
      </datafield>
      <datafield tag="949" ind1=" " ind2=" ">
         <subfield code="a">2022-02-22</subfield>
      </datafield>
      <datafield tag="952" ind1=" " ind2=" ">
         <subfield code="d">NAL-AP-2-clean</subfield>
      </datafield>
      <datafield tag="953" ind1=" " ind2=" ">
         <subfield code="a">/data/metadata/incoming/mdpinstitute/foods-v10-i08-20210826.xml</subfield>
      </datafield>
      <datafield tag="954" ind1=" " ind2=" ">
         <subfield code="a">file:/data/metadata/staging/mdpinstitute/foods-v10-i08-20210826.xml</subfield>
      </datafield>
      <datafield tag="955" ind1=" " ind2=" ">
         <subfield code="a">/data/metadata/staging/mdpinstitute/</subfield>
      </datafield>
      <datafield tag="974" ind1=" " ind2=" ">
         <subfield code="a">agid:7485206</subfield>
      </datafield>
      <datafield tag="983" ind1=" " ind2=" ">
         <subfield code="a">2021-08-27</subfield>
      </datafield>
      <datafield tag="984" ind1=" " ind2=" ">
         <subfield code="a">2022-02-17</subfield>
      </datafield>
   </record>