
   <!--Record: 74-->
   <record>
      <leader>05124nab a2200661 u 4500</leader>
      <controlfield tag="001">9916032504207426</controlfield>
      <controlfield tag="005">20221122052336.0</controlfield>
      <controlfield tag="008">220803e20220304xx |||||o|||||||||||eng||</controlfield>
      <datafield tag="016" ind1="7" ind2=" ">
         <subfield code="a">IND607864435</subfield>
         <subfield code="2">DNAL</subfield>
      </datafield>
      <datafield tag="024" ind1="7" ind2=" ">
         <subfield code="a">10.1080/17550874.2022.2056096</subfield>
         <subfield code="2">doi</subfield>
      </datafield>
      <datafield tag="035" ind1=" " ind2=" ">
         <subfield code="a">agid:7864435-01nal_inst</subfield>
      </datafield>
      <datafield tag="040" ind1=" " ind2=" ">
         <subfield code="a">AGL</subfield>
         <subfield code="b">eng</subfield>
         <subfield code="c">AGL</subfield>
      </datafield>
      <datafield tag="100" ind1="1" ind2=" ">
         <subfield code="a">Liang, Yu</subfield>
         <subfield code="e">author</subfield>
         <subfield code="u">State Key Laboratory of Earth Surface Processes and Resource Ecology &amp;
        Ministry of Education Key Laboratory for Biodiversity Science and Ecological Engineering,
        College of Life Sciences, Beijing Normal University, Beijing, China</subfield>
      </datafield>
      <datafield tag="245" ind1="1" ind2="0">
         <subfield code="a">Effects of plant interactions on the populations of the endangered Fagus
        pashanica</subfield>
      </datafield>
      <datafield tag="300" ind1=" " ind2=" ">
         <subfield code="a">p. 25-37.</subfield>
      </datafield>
      <datafield tag="520" ind1=" " ind2=" ">
         <subfield code="a">Examining the spatial patterns of species distributions and their
        underlying processes is important for characterising population dynamics and can provide
        novel insights for conservation management. However, little attention has been paid to
        spatial distribution patterns of endangered species. We quantified the effects of plant
        interactions and environmental heterogeneity on the spatial distribution of endangered Fagus
        pashanica in communities, to reveal the processes which may account for its population
        dynamics. We collected spatial coordinates of each tree in communities at three elevations
        and evaluated the effects of plant interactions and environmental heterogeneity using point
        pattern analysis. Dispersal limitation rather than habitat filtering shaped the spatial
        patterns of F. pashanica at all three elevations. Intraspecific competition in F. pashanica
        was found to be significant at middle- and high elevations; interspecific interactions were
        not significant at any of the three elevations. Intraspecific competition significantly
        affected the spatial patterns of F. pashanica. Dispersal limitation appear to lead to
        aggregation, while at small spatial scales intraspecific interactions are likely to decrease
        aggregation due to potential density-dependent thinning effects.</subfield>
      </datafield>
      <datafield tag="536" ind1=" " ind2=" ">
         <subfield code="a">This work was supported by the National Key R&amp;D Program of China
        (2017YFA0605100), the State Key Laboratory of Earth Surface Processes and Resource Ecology
        (2017-FX-05), the 111 project (B13008), and Beijing Advanced Innovation Program for Land
        Surface Science.</subfield>
      </datafield>
      <datafield tag="592" ind1=" " ind2=" ">
         <subfield code="a">Publisher supplied data</subfield>
      </datafield>
      <datafield tag="593" ind1=" " ind2=" ">
         <subfield code="a">PubAg article</subfield>
      </datafield>
      <datafield tag="596" ind1=" " ind2=" ">
         <subfield code="a">2017YFA0605100</subfield>
      </datafield>
      <datafield tag="596" ind1=" " ind2=" ">
         <subfield code="a">B13008</subfield>
      </datafield>
      <datafield tag="650" ind1=" " ind2="3">
         <subfield code="a">Fagus</subfield>
      </datafield>
      <datafield tag="650" ind1=" " ind2="3">
         <subfield code="a">endangered species</subfield>
      </datafield>
      <datafield tag="650" ind1=" " ind2="3">
         <subfield code="a">habitats</subfield>
      </datafield>
      <datafield tag="650" ind1=" " ind2="3">
         <subfield code="a">intraspecific competition</subfield>
      </datafield>
      <datafield tag="650" ind1=" " ind2="3">
         <subfield code="a">plant ecology</subfield>
      </datafield>
      <datafield tag="650" ind1=" " ind2="3">
         <subfield code="a">population dynamics</subfield>
      </datafield>
      <datafield tag="650" ind1=" " ind2="3">
         <subfield code="a">trees</subfield>
      </datafield>
      <datafield tag="653" ind1=" " ind2="0">
         <subfield code="a">Conservation</subfield>
      </datafield>
      <datafield tag="653" ind1=" " ind2="0">
         <subfield code="a">habitat filtering</subfield>
      </datafield>
      <datafield tag="653" ind1=" " ind2="0">
         <subfield code="a">plant-to-plant interactions</subfield>
      </datafield>
      <datafield tag="653" ind1=" " ind2="0">
         <subfield code="a">point pattern analysis</subfield>
      </datafield>
      <datafield tag="653" ind1=" " ind2="0">
         <subfield code="a">scale effect</subfield>
      </datafield>
      <datafield tag="700" ind1="1" ind2=" ">
         <subfield code="a">Yang, Xiao-Xi</subfield>
         <subfield code="e">author</subfield>
         <subfield code="u">State Key Laboratory of Earth Surface Processes and Resource Ecology &amp;
        Ministry of Education Key Laboratory for Biodiversity Science and Ecological Engineering,
        College of Life Sciences, Beijing Normal University, Beijing, China</subfield>
      </datafield>
      <datafield tag="700" ind1="1" ind2=" ">
         <subfield code="a">Zhang, Xiao-Ya</subfield>
         <subfield code="e">author</subfield>
         <subfield code="u">State Key Laboratory of Earth Surface Processes and Resource Ecology &amp;
        Ministry of Education Key Laboratory for Biodiversity Science and Ecological Engineering,
        College of Life Sciences, Beijing Normal University, Beijing, China</subfield>
      </datafield>
      <datafield tag="700" ind1="1" ind2=" ">
         <subfield code="a">Zhang, Jin-Tun</subfield>
         <subfield code="e">author</subfield>
         <subfield code="u">State Key Laboratory of Earth Surface Processes and Resource Ecology &amp;
        Ministry of Education Key Laboratory for Biodiversity Science and Ecological Engineering,
        College of Life Sciences, Beijing Normal University, Beijing, China</subfield>
      </datafield>
      <datafield tag="700" ind1="1" ind2=" ">
         <subfield code="a">Zhang, Da-Yong</subfield>
         <subfield code="e">author</subfield>
         <subfield code="u">State Key Laboratory of Earth Surface Processes and Resource Ecology &amp;
        Ministry of Education Key Laboratory for Biodiversity Science and Ecological Engineering,
        College of Life Sciences, Beijing Normal University, Beijing, China</subfield>
      </datafield>
      <datafield tag="700" ind1="1" ind2=" ">
         <subfield code="a">Liao, Wan-Jin</subfield>
         <subfield code="e">author</subfield>
         <subfield code="u">State Key Laboratory of Earth Surface Processes and Resource Ecology &amp;
        Ministry of Education Key Laboratory for Biodiversity Science and Ecological Engineering,
        College of Life Sciences, Beijing Normal University, Beijing, China</subfield>
      </datafield>
      <datafield tag="773" ind1="0" ind2=" ">
         <subfield code="t">Plant ecology &amp; diversity.</subfield>
         <subfield code="g">2022 Mar. 04, v. 15, no. 1-2 p.25-37</subfield>
         <subfield code="d">Taylor &amp; Francis</subfield>
         <subfield code="w">Journal:J000000135</subfield>
         <subfield code="x">1755-1668</subfield>
         <subfield code="7">nnas</subfield>
      </datafield>
      <datafield tag="787" ind1="1" ind2=" ">
         <subfield code="o">islandora_article_repository</subfield>
      </datafield>
      <datafield tag="787" ind1="1" ind2=" ">
         <subfield code="o">product_pubag</subfield>
      </datafield>
      <datafield tag="787" ind1="1" ind2=" ">
         <subfield code="o">(Journal)J000000135</subfield>
      </datafield>
      <datafield tag="856" ind1="4" ind2="0">
         <subfield code="u">https://dx.doi.org/10.1080/17550874.2022.2056096</subfield>
         <subfield code="3">Available from publisher's site</subfield>
      </datafield>
      <datafield tag="912" ind1=" " ind2=" ">
         <subfield code="a">Article</subfield>
      </datafield>
      <datafield tag="914" ind1=" " ind2=" ">
         <subfield code="a">Journal:J000000135</subfield>
         <subfield code="b">1755-1668</subfield>
         <subfield code="c">15</subfield>
         <subfield code="d">1-2</subfield>
         <subfield code="e">25</subfield>
      </datafield>
      <datafield tag="914" ind1=" " ind2=" ">
         <subfield code="f">Plant ecology &amp; diversity</subfield>
      </datafield>
      <datafield tag="916" ind1=" " ind2=" ">
         <subfield code="a">Batch:10270</subfield>
      </datafield>
      <datafield tag="917" ind1=" " ind2=" ">
         <subfield code="a">issued</subfield>
      </datafield>
      <datafield tag="918" ind1="2" ind2=" ">
         <subfield code="a">Taylor &amp; Francis Group</subfield>
         <subfield code="e">provider</subfield>
         <subfield code="5">DNAL</subfield>
      </datafield>
      <datafield tag="935" ind1=" " ind2=" ">
         <subfield code="a">IND607864435</subfield>
         <subfield code="9">ExL</subfield>
      </datafield>
      <datafield tag="949" ind1=" " ind2=" ">
         <subfield code="a">2022-08-03</subfield>
      </datafield>
      <datafield tag="952" ind1=" " ind2=" ">
         <subfield code="d">NAL-AP-2-clean</subfield>
      </datafield>
      <datafield tag="953" ind1=" " ind2=" ">
         <subfield code="a">/data/metadata/incoming/taylorfrancis/tped20_tped20.v015.i01-02_20220803050417#29974383.zip</subfield>
      </datafield>
      <datafield tag="954" ind1=" " ind2=" ">
         <subfield code="a">file:/data/metadata/staging/taylorfrancis/17550874.2022.2056096.xml</subfield>
      </datafield>
      <datafield tag="955" ind1=" " ind2=" ">
         <subfield code="a">/data/metadata/staging/taylorfrancis/</subfield>
      </datafield>
      <datafield tag="974" ind1=" " ind2=" ">
         <subfield code="a">agid:7864435</subfield>
      </datafield>
      <datafield tag="983" ind1=" " ind2=" ">
         <subfield code="a">2022-08-03</subfield>
      </datafield>
      <datafield tag="984" ind1=" " ind2=" ">
         <subfield code="a">2022-08-03</subfield>
      </datafield>
   </record>