
   <!--Record: 75-->
   <record>
      <leader>04592nab a2200553 u 4500</leader>
      <controlfield tag="001">9916032504407426</controlfield>
      <controlfield tag="005">20221122052416.0</controlfield>
      <controlfield tag="008">210827e20210724xx |||||o|||||||||||eng||</controlfield>
      <datafield tag="016" ind1="7" ind2=" ">
         <subfield code="a">IND607485356</subfield>
         <subfield code="2">DNAL</subfield>
      </datafield>
      <datafield tag="024" ind1="7" ind2=" ">
         <subfield code="a">10.3390/f12080981</subfield>
         <subfield code="2">doi</subfield>
      </datafield>
      <datafield tag="035" ind1=" " ind2=" ">
         <subfield code="a">agid:7485356-01nal_inst</subfield>
      </datafield>
      <datafield tag="040" ind1=" " ind2=" ">
         <subfield code="a">AGL</subfield>
         <subfield code="b">eng</subfield>
         <subfield code="c">AGL</subfield>
      </datafield>
      <datafield tag="100" ind1="1" ind2=" ">
         <subfield code="a">Xu, Junmo </subfield>
         <subfield code="e">author</subfield>
      </datafield>
      <datafield tag="245" ind1="1" ind2="0">
         <subfield code="a">Effects of Randomized Management on the Forest Distribution Patterns of
        Larix kaempferi Plantation in Xiaolongshan, Gansu Province, China</subfield>
      </datafield>
      <datafield tag="520" ind1=" " ind2=" ">
         <subfield code="a">Patterns of tree distribution are an important attribute of forest
        structure and directly affect the health and stability of forest ecosystems. This paper
        studied the effects of forest management on the forest distribution pattern of Larix
        kaempferi plantations with an aim to improve the quality of the spatial structure of
        plantations by providing scientific grounds for near-nature distribution pattern adjustment.
        We set up 15 long-term positioning and monitoring plots of 20 m × 20 m of L. kaempferi
        plantations in Xiaolongshan, Gansu Province, China, based on the Clark and Evans index, and
        applied the structure analysis method of the neighboring tree relationship to determine the
        standard angle of the uniform angle index of regularly distributed plantation forests. The
        changes in forest distribution patterns were compared before and after randomized management
        (R1 (dumbbell-shaped random unit), R2 (torch-shaped random unit) and R1:R2 = 1:2 models) and
        underlayer tending and unmanaged control (CK). The results showed that (1) Under different
        management modes, the distribution patterns obtained by the Clark and Evans index and the
        mean values of the uniform angle index were entirely the same; all stand patterns were
        evenly distributed. (2) Regardless of randomized management or underlayer tending, the
        number of trees in the even distribution was the largest, accounting for more than 40%. (3)
        The mean values of the uniform angle index of most stands increased obviously after
        randomized management, among which the R1 and R2 stands showed an upward trend, while the
        R1:R2 = 1:2 stands showed a slight decrease. However, the mean values of the uniform angle
        index of the stands with underlayer management showed a decreasing trend. (4) The proportion
        of random trees in most stands increased significantly after randomized management,
        increasing by 1%~19% compared with that before adjustment, while the proportion of random
        trees in the underlayer tending treatment decreased by 2%~10%. Our results suggest that (1)
        The method based on the modified uniform angle index standard angle could effectively
        improve the accuracy of the distribution pattern of individual trees in plantation forests
        and further improve the accuracy of the overall stand pattern quantitatively. (2) Randomized
        management significantly increased the proportion of random trees in the stands, which
        accelerated the evolution of the forest distribution pattern of the L. kaempferi plantation
        to a random distribution.</subfield>
      </datafield>
      <datafield tag="592" ind1=" " ind2=" ">
         <subfield code="a">Publisher supplied data</subfield>
      </datafield>
      <datafield tag="593" ind1=" " ind2=" ">
         <subfield code="a">PubAg article</subfield>
      </datafield>
      <datafield tag="650" ind1=" " ind2="3">
         <subfield code="a">Larix kaempferi</subfield>
      </datafield>
      <datafield tag="650" ind1=" " ind2="3">
         <subfield code="a">evolution</subfield>
      </datafield>
      <datafield tag="650" ind1=" " ind2="3">
         <subfield code="a">forest management</subfield>
      </datafield>
      <datafield tag="650" ind1=" " ind2="3">
         <subfield code="a">forests</subfield>
      </datafield>
      <datafield tag="650" ind1=" " ind2="3">
         <subfield code="a">trees</subfield>
      </datafield>
      <datafield tag="651" ind1=" " ind2="3">
         <subfield code="a">China</subfield>
      </datafield>
      <datafield tag="700" ind1="1" ind2=" ">
         <subfield code="a">Zhang, Gongqiao </subfield>
         <subfield code="e">author</subfield>
      </datafield>
      <datafield tag="700" ind1="1" ind2=" ">
         <subfield code="a">Zhao, Zhonghua </subfield>
         <subfield code="e">author</subfield>
      </datafield>
      <datafield tag="700" ind1="1" ind2=" ">
         <subfield code="a">Hu, Yanbo </subfield>
         <subfield code="e">author</subfield>
      </datafield>
      <datafield tag="700" ind1="1" ind2=" ">
         <subfield code="a">Liu, Wenzhen </subfield>
         <subfield code="e">author</subfield>
      </datafield>
      <datafield tag="700" ind1="1" ind2=" ">
         <subfield code="a">Yang, Aiming </subfield>
         <subfield code="e">author</subfield>
      </datafield>
      <datafield tag="700" ind1="1" ind2=" ">
         <subfield code="a">Hui, Gangying </subfield>
         <subfield code="e">author</subfield>
         <subfield code="u">Research Institute of Forestry, Chinese Academy of Forestry, Key Laboratory
        of Tree Breeding and Cultivation of National Forestry and Grassland Administration, Beijing
        100091, China</subfield>
      </datafield>
      <datafield tag="773" ind1="0" ind2=" ">
         <subfield code="t">Forests.</subfield>
         <subfield code="g">2021 July 24, v. 12, no. 8</subfield>
         <subfield code="d">Multidisciplinary Digital Publishing Institute</subfield>
         <subfield code="w">Journal:2257</subfield>
         <subfield code="x">1999-4907</subfield>
         <subfield code="7">nnas</subfield>
      </datafield>
      <datafield tag="787" ind1="1" ind2=" ">
         <subfield code="o">islandora_article_repository</subfield>
      </datafield>
      <datafield tag="787" ind1="1" ind2=" ">
         <subfield code="o">product_pubag</subfield>
      </datafield>
      <datafield tag="787" ind1="1" ind2=" ">
         <subfield code="o">(Journal)2257</subfield>
      </datafield>
      <datafield tag="856" ind1="4" ind2="0">
         <subfield code="u">http://dx.doi.org/10.3390/f12080981</subfield>
         <subfield code="3">Available from publisher's site</subfield>
      </datafield>
      <datafield tag="912" ind1=" " ind2=" ">
         <subfield code="a">Article</subfield>
      </datafield>
      <datafield tag="914" ind1=" " ind2=" ">
         <subfield code="a">Journal:2257</subfield>
         <subfield code="b">1999-4907</subfield>
         <subfield code="c">12</subfield>
         <subfield code="d">8</subfield>
      </datafield>
      <datafield tag="914" ind1=" " ind2=" ">
         <subfield code="f">Forests</subfield>
      </datafield>
      <datafield tag="916" ind1=" " ind2=" ">
         <subfield code="a">Batch:10189</subfield>
      </datafield>
      <datafield tag="917" ind1=" " ind2=" ">
         <subfield code="a">issued</subfield>
      </datafield>
      <datafield tag="918" ind1="2" ind2=" ">
         <subfield code="a">Multidisciplinary Digital Publishing Institute</subfield>
         <subfield code="e">provider</subfield>
         <subfield code="5">DNAL</subfield>
      </datafield>
      <datafield tag="935" ind1=" " ind2=" ">
         <subfield code="a">IND607485356</subfield>
         <subfield code="9">ExL</subfield>
      </datafield>
      <datafield tag="949" ind1=" " ind2=" ">
         <subfield code="a">2022-02-22</subfield>
      </datafield>
      <datafield tag="952" ind1=" " ind2=" ">
         <subfield code="d">NAL-AP-2-clean</subfield>
      </datafield>
      <datafield tag="953" ind1=" " ind2=" ">
         <subfield code="a">/data/metadata/incoming/mdpinstitute/forests-v12-i08-20210826.xml</subfield>
      </datafield>
      <datafield tag="954" ind1=" " ind2=" ">
         <subfield code="a">file:/data/metadata/staging/mdpinstitute/forests-v12-i08-20210826.xml</subfield>
      </datafield>
      <datafield tag="955" ind1=" " ind2=" ">
         <subfield code="a">/data/metadata/staging/mdpinstitute/</subfield>
      </datafield>
      <datafield tag="974" ind1=" " ind2=" ">
         <subfield code="a">agid:7485356</subfield>
      </datafield>
      <datafield tag="983" ind1=" " ind2=" ">
         <subfield code="a">2021-08-27</subfield>
      </datafield>
      <datafield tag="984" ind1=" " ind2=" ">
         <subfield code="a">2022-02-17</subfield>
      </datafield>
   </record>