
   <!--Record: 76-->
   <record>
      <leader>04237nab a2200613 u 4500</leader>
      <controlfield tag="001">9916032650807426</controlfield>
      <controlfield tag="005">20221120032809.0</controlfield>
      <controlfield tag="008">180102e201609 xx |||||o|||||||||||eng||</controlfield>
      <datafield tag="016" ind1="7" ind2=" ">
         <subfield code="a">IND605877536</subfield>
         <subfield code="2">DNAL</subfield>
      </datafield>
      <datafield tag="024" ind1="7" ind2=" ">
         <subfield code="a">10.1111/jvs.12425</subfield>
         <subfield code="2">doi</subfield>
      </datafield>
      <datafield tag="035" ind1=" " ind2=" ">
         <subfield code="a">agid:5877536-01nal_inst</subfield>
      </datafield>
      <datafield tag="040" ind1=" " ind2=" ">
         <subfield code="a">AGL</subfield>
         <subfield code="b">eng</subfield>
         <subfield code="c">AGL</subfield>
      </datafield>
      <datafield tag="100" ind1="1" ind2=" ">
         <subfield code="a">Brice, Marie‐Hélène</subfield>
         <subfield code="e">author</subfield>
      </datafield>
      <datafield tag="245" ind1="1" ind2="0">
         <subfield code="a">Environmental filtering and spatial processes in urban riparian
        forests</subfield>
      </datafield>
      <datafield tag="300" ind1=" " ind2=" ">
         <subfield code="a">p. 1023-1035.</subfield>
      </datafield>
      <datafield tag="500" ind1=" " ind2=" ">
         <subfield code="a">JOURNAL ARTICLE</subfield>
      </datafield>
      <datafield tag="520" ind1=" " ind2=" ">
         <subfield code="a">QUESTIONS: What are the spatial processes structuring plant trait
        composition in urban riparian forest communities at different spatial scales? What are the
        relative roles of local conditions (including historical aspects), landscape context and
        spatial processes in the community assembly of these forests? LOCATION: Montréal, Québec,
        Canada. METHODS: Species plant composition was inventoried in 57 riparian forests located
        along a gradient of urbanization. To analyse plant communities in terms of their trait
        composition, community‐weighted means were calculated using eight functional traits. Forests
        were characterized by local (physical features, hydrological regime and historical
        disturbances) and landscape (surrounding land use) variables. Spatial processes structuring
        communities were assessed using Moran's eigenvector maps and asymmetric eigenvector maps.
        The relative importance of these three subsets (local, landscape and spatial variables) on
        tree, shrub and herb functional composition was quantified by variation partitioning using
        redundancy analyses. RESULTS: Functional patterns in riparian forests resulted primarily
        from environmental filtering (local and landscape variables). Local conditions, especially
        flood intensity, exerted an overriding selection pressure on functional composition of
        riparian plant communities. Urbanization seemed to act indirectly on trait patterns through
        the alteration of hydrological disturbances caused by on‐going and historical land
        transformation. Nevertheless, dispersal along rivers was also a significant structuring
        force, while overland dispersal was negligible. CONCLUSIONS: Our study highlights that under
        severe natural disturbance regimes, the effect of natural filters outweighed the negative
        effects of urban filters. However, the alteration of natural flooding processes by human
        activities is also a major mechanism influencing plant trait composition in urban riparian
        communities as forests subjected to reduced flooding intensity experienced a greater effect
        of urbanization. The effects of urbanization and of past land uses on plant communities were
        greater for trees than for shrubs and herbs due to the high turnover rate of the latter.
        Finally, our results showed the importance of dispersal along rivers for biodiversity even
        in fragmented urban landscapes.</subfield>
      </datafield>
      <datafield tag="592" ind1=" " ind2=" ">
         <subfield code="a">Publisher supplied data</subfield>
      </datafield>
      <datafield tag="593" ind1=" " ind2=" ">
         <subfield code="a">PubAg article</subfield>
      </datafield>
      <datafield tag="650" ind1=" " ind2="3">
         <subfield code="a">biodiversity</subfield>
      </datafield>
      <datafield tag="650" ind1=" " ind2="3">
         <subfield code="a">forest communities</subfield>
      </datafield>
      <datafield tag="650" ind1=" " ind2="3">
         <subfield code="a">herbs</subfield>
      </datafield>
      <datafield tag="650" ind1=" " ind2="3">
         <subfield code="a">humans</subfield>
      </datafield>
      <datafield tag="650" ind1=" " ind2="3">
         <subfield code="a">hydrology</subfield>
      </datafield>
      <datafield tag="650" ind1=" " ind2="3">
         <subfield code="a">land use change</subfield>
      </datafield>
      <datafield tag="650" ind1=" " ind2="3">
         <subfield code="a">landscapes</subfield>
      </datafield>
      <datafield tag="650" ind1=" " ind2="3">
         <subfield code="a">riparian forests</subfield>
      </datafield>
      <datafield tag="650" ind1=" " ind2="3">
         <subfield code="a">rivers</subfield>
      </datafield>
      <datafield tag="650" ind1=" " ind2="3">
         <subfield code="a">selection pressure</subfield>
      </datafield>
      <datafield tag="650" ind1=" " ind2="3">
         <subfield code="a">shrubs</subfield>
      </datafield>
      <datafield tag="650" ind1=" " ind2="3">
         <subfield code="a">trees</subfield>
      </datafield>
      <datafield tag="650" ind1=" " ind2="3">
         <subfield code="a">urban areas</subfield>
      </datafield>
      <datafield tag="650" ind1=" " ind2="3">
         <subfield code="a">urbanization</subfield>
      </datafield>
      <datafield tag="651" ind1=" " ind2="3">
         <subfield code="a">Quebec</subfield>
      </datafield>
      <datafield tag="700" ind1="1" ind2=" ">
         <subfield code="a">Pellerin, Stéphanie</subfield>
         <subfield code="e">author</subfield>
      </datafield>
      <datafield tag="700" ind1="1" ind2=" ">
         <subfield code="a">Poulin, Monique</subfield>
         <subfield code="e">author</subfield>
      </datafield>
      <datafield tag="773" ind1="0" ind2=" ">
         <subfield code="t">Journal of vegetation science.</subfield>
         <subfield code="g">2016 Sept., v. 27, no. 5 p.1023-1035</subfield>
         <subfield code="d">John Wiley &amp; Sons, Ltd</subfield>
         <subfield code="w">Journal:jnl46820</subfield>
         <subfield code="x">1100-9233</subfield>
         <subfield code="7">nnas</subfield>
      </datafield>
      <datafield tag="787" ind1="1" ind2=" ">
         <subfield code="o">islandora_article_repository</subfield>
      </datafield>
      <datafield tag="787" ind1="1" ind2=" ">
         <subfield code="o">product_pubag</subfield>
      </datafield>
      <datafield tag="787" ind1="1" ind2=" ">
         <subfield code="o">(Journal)jnl46820</subfield>
      </datafield>
      <datafield tag="856" ind1="4" ind2="0">
         <subfield code="u">http://dx.doi.org/10.1111/jvs.12425</subfield>
         <subfield code="3">Available from publisher's site</subfield>
      </datafield>
      <datafield tag="912" ind1=" " ind2=" ">
         <subfield code="a">Article</subfield>
      </datafield>
      <datafield tag="914" ind1=" " ind2=" ">
         <subfield code="a">Journal:jnl46820</subfield>
         <subfield code="b">1100-9233</subfield>
         <subfield code="c">27</subfield>
         <subfield code="d">5</subfield>
         <subfield code="e">1023</subfield>
      </datafield>
      <datafield tag="914" ind1=" " ind2=" ">
         <subfield code="f">Journal of vegetation science</subfield>
      </datafield>
      <datafield tag="916" ind1=" " ind2=" ">
         <subfield code="a">Batch:1909</subfield>
      </datafield>
      <datafield tag="917" ind1=" " ind2=" ">
         <subfield code="a">issued</subfield>
      </datafield>
      <datafield tag="918" ind1="2" ind2=" ">
         <subfield code="a">John Wiley &amp; Sons, Inc</subfield>
         <subfield code="e">provider</subfield>
         <subfield code="5">DNAL</subfield>
      </datafield>
      <datafield tag="935" ind1=" " ind2=" ">
         <subfield code="a">IND605877536</subfield>
         <subfield code="9">ExL</subfield>
      </datafield>
      <datafield tag="949" ind1=" " ind2=" ">
         <subfield code="a">2018-03-01</subfield>
      </datafield>
      <datafield tag="953" ind1=" " ind2=" ">
         <subfield code="a">11009233_2016_27_5.xml</subfield>
      </datafield>
      <datafield tag="962" ind1=" " ind2=" ">
         <subfield code="a">Batch:1909 reviewed on 2018-03-01T15:00:03Z</subfield>
      </datafield>
      <datafield tag="974" ind1=" " ind2=" ">
         <subfield code="a">agid:5877536</subfield>
      </datafield>
      <datafield tag="983" ind1=" " ind2=" ">
         <subfield code="a">2018-01-02</subfield>
      </datafield>
      <datafield tag="984" ind1=" " ind2=" ">
         <subfield code="a">2018-03-01</subfield>
      </datafield>
   </record>