
   <!--Record: 80-->
   <record>
      <leader>04843nab a2200757 u 4500</leader>
      <controlfield tag="001">9916033393107426</controlfield>
      <controlfield tag="005">20221121053350.0</controlfield>
      <controlfield tag="008">151127e200602 xx |||||o|||||||||||eng||</controlfield>
      <datafield tag="016" ind1="7" ind2=" ">
         <subfield code="a">IND500651559</subfield>
         <subfield code="2">DNAL</subfield>
      </datafield>
      <datafield tag="024" ind1="7" ind2=" ">
         <subfield code="a">10.1658/1100-9233(2006)017[0083:DASMOT]2.0.CO;2</subfield>
         <subfield code="2">doi</subfield>
      </datafield>
      <datafield tag="035" ind1=" " ind2=" ">
         <subfield code="a">agid:211559-01nal_inst</subfield>
      </datafield>
      <datafield tag="040" ind1=" " ind2=" ">
         <subfield code="a">AGL</subfield>
         <subfield code="b">eng</subfield>
         <subfield code="c">AGL</subfield>
      </datafield>
      <datafield tag="100" ind1="1" ind2=" ">
         <subfield code="a">Chust, Guillem</subfield>
         <subfield code="e">author</subfield>
         <subfield code="u">Laboratoire Evolution et Diversitéé Biologique, CNRS –– Universitéé Paul
        Sabatier, Bâtiment 4R3, 118 route de Narbonne, 31062 Toulouse, France</subfield>
      </datafield>
      <datafield tag="245" ind1="1" ind2="0">
         <subfield code="a">Determinants and spatial modeling of tree ββ-diversity in a tropical forest
        landscape in Panama</subfield>
      </datafield>
      <datafield tag="300" ind1=" " ind2=" ">
         <subfield code="a">p. 83-92.</subfield>
      </datafield>
      <datafield tag="520" ind1=" " ind2=" ">
         <subfield code="a">Questions: The objectives of this study were to clarify the extent to which
        environmental factors and geographical distance account for tropical floristic composition,
        and propose a methodology for delimiting the boundaries of floristic types based on species
        similarity.Location: The Panama Canal watershed.Methods: To assess which factors (climate,
        topography, geology and geographical distance) account for floristic composition, we
        performed Mantel tests on distance matrices and partitioned variation in species composition
        using canonical analysis. We used a permutation-based regression model computed on distance
        matrices and a hierarchical clustering of the tree composition to construct a predictive map
        of forest types of the Panama Canal Watershed.Results: We found that spatial variation alone
        explained 22––27%% of species variation, while the fraction of species variation explained
        by environmental variables was smaller (10––12%%); 13––19%% of the variation was accounted
        for by the joint effect of environmental variation and geographic distance. The
        similarity-based map emphasizes the principal division in tree flora between the drier
        Pacific side and the wetter Caribbean slopes.Conclusions: The distribution of Panamanian
        tree species appears to be primarily determined by dispersal limitation, then by
        environmental heterogeneity. ‘‘Environmental segregation’’ processes do play an important
        role. Maps of broad-scale vegetation patterns based on thorough tree inventories can be used
        in conservation planning in the tropics.Abbreviation: PCW == Panama Canal
        Watershed.</subfield>
      </datafield>
      <datafield tag="592" ind1=" " ind2=" ">
         <subfield code="a">Publisher supplied data</subfield>
      </datafield>
      <datafield tag="593" ind1=" " ind2=" ">
         <subfield code="a">PubAg article</subfield>
      </datafield>
      <datafield tag="650" ind1=" " ind2="3">
         <subfield code="a">botanical composition</subfield>
      </datafield>
      <datafield tag="650" ind1=" " ind2="3">
         <subfield code="a">environmental factors</subfield>
      </datafield>
      <datafield tag="650" ind1=" " ind2="3">
         <subfield code="a">flora</subfield>
      </datafield>
      <datafield tag="650" ind1=" " ind2="3">
         <subfield code="a">forest types</subfield>
      </datafield>
      <datafield tag="650" ind1=" " ind2="3">
         <subfield code="a">geographical variation</subfield>
      </datafield>
      <datafield tag="650" ind1=" " ind2="3">
         <subfield code="a">inventories</subfield>
      </datafield>
      <datafield tag="650" ind1=" " ind2="3">
         <subfield code="a">landscapes</subfield>
      </datafield>
      <datafield tag="650" ind1=" " ind2="3">
         <subfield code="a">models</subfield>
      </datafield>
      <datafield tag="650" ind1=" " ind2="3">
         <subfield code="a">planning</subfield>
      </datafield>
      <datafield tag="650" ind1=" " ind2="3">
         <subfield code="a">regression analysis</subfield>
      </datafield>
      <datafield tag="650" ind1=" " ind2="3">
         <subfield code="a">topography</subfield>
      </datafield>
      <datafield tag="650" ind1=" " ind2="3">
         <subfield code="a">trees</subfield>
      </datafield>
      <datafield tag="650" ind1=" " ind2="3">
         <subfield code="a">tropical forests</subfield>
      </datafield>
      <datafield tag="650" ind1=" " ind2="3">
         <subfield code="a">tropics</subfield>
      </datafield>
      <datafield tag="650" ind1=" " ind2="3">
         <subfield code="a">watersheds</subfield>
      </datafield>
      <datafield tag="651" ind1=" " ind2="3">
         <subfield code="a">Caribbean</subfield>
      </datafield>
      <datafield tag="651" ind1=" " ind2="3">
         <subfield code="a">Panama</subfield>
      </datafield>
      <datafield tag="653" ind1=" " ind2="0">
         <subfield code="a">Dispersal limitation</subfield>
      </datafield>
      <datafield tag="653" ind1=" " ind2="0">
         <subfield code="a">Neutral hypothesis</subfield>
      </datafield>
      <datafield tag="653" ind1=" " ind2="0">
         <subfield code="a">Panama</subfield>
      </datafield>
      <datafield tag="653" ind1=" " ind2="0">
         <subfield code="a">Remote sensing</subfield>
      </datafield>
      <datafield tag="653" ind1=" " ind2="0">
         <subfield code="a">Species similarity</subfield>
      </datafield>
      <datafield tag="653" ind1=" " ind2="0">
         <subfield code="a">Variation partitioning</subfield>
      </datafield>
      <datafield tag="700" ind1="1" ind2=" ">
         <subfield code="a">Chave, Jéérôme</subfield>
         <subfield code="e">author</subfield>
         <subfield code="u">Laboratoire Evolution et Diversitéé Biologique, CNRS –– Universitéé Paul
        Sabatier, Bâtiment 4R3, 118 route de Narbonne, 31062 Toulouse, France</subfield>
      </datafield>
      <datafield tag="700" ind1="1" ind2=" ">
         <subfield code="a">Condit, Richard</subfield>
         <subfield code="e">author</subfield>
         <subfield code="u">Center for Tropical Forest Science, Smithsonian Tropical Research
        Institute, Unit 0948, APO AA 34002-0948, USA</subfield>
      </datafield>
      <datafield tag="700" ind1="1" ind2=" ">
         <subfield code="a">Aguilar, Salomon</subfield>
         <subfield code="e">author</subfield>
         <subfield code="u">Center for Tropical Forest Science, Smithsonian Tropical Research
        Institute, Unit 0948, APO AA 34002-0948, USA</subfield>
      </datafield>
      <datafield tag="700" ind1="1" ind2=" ">
         <subfield code="a">Lao, Suzanne</subfield>
         <subfield code="e">author</subfield>
         <subfield code="u">Center for Tropical Forest Science, Smithsonian Tropical Research
        Institute, Unit 0948, APO AA 34002-0948, USA</subfield>
      </datafield>
      <datafield tag="700" ind1="1" ind2=" ">
         <subfield code="a">Péérez, Rolando</subfield>
         <subfield code="e">author</subfield>
         <subfield code="u">Center for Tropical Forest Science, Smithsonian Tropical Research
        Institute, Unit 0948, APO AA 34002-0948, USA</subfield>
      </datafield>
      <datafield tag="773" ind1="0" ind2=" ">
         <subfield code="t">Journal of vegetation science.</subfield>
         <subfield code="g">2006 Feb., v. 17, no. 1 p.83-92</subfield>
         <subfield code="d">Opulus Press</subfield>
         <subfield code="x">1100-9233</subfield>
         <subfield code="7">nnas</subfield>
      </datafield>
      <datafield tag="787" ind1="1" ind2=" ">
         <subfield code="o">islandora_article_repository</subfield>
      </datafield>
      <datafield tag="787" ind1="1" ind2=" ">
         <subfield code="o">product_pubag</subfield>
      </datafield>
      <datafield tag="787" ind1="1" ind2=" ">
         <subfield code="o">(Journal)jnl46820</subfield>
      </datafield>
      <datafield tag="856" ind1="4" ind2="0">
         <subfield code="u">http://dx.doi.org/10.1658%2F1100-9233%282006%29017%5B0083%3ADASMOT%5D2.0.CO%3B2</subfield>
         <subfield code="3">Available from publisher's site</subfield>
      </datafield>
      <datafield tag="912" ind1=" " ind2=" ">
         <subfield code="a">Article</subfield>
      </datafield>
      <datafield tag="914" ind1=" " ind2=" ">
         <subfield code="a">Journal:jnl46820</subfield>
         <subfield code="b">1100-9233</subfield>
         <subfield code="c">17</subfield>
         <subfield code="d">1</subfield>
         <subfield code="e">83</subfield>
      </datafield>
      <datafield tag="914" ind1=" " ind2=" ">
         <subfield code="f">Journal of vegetation science</subfield>
      </datafield>
      <datafield tag="916" ind1=" " ind2=" ">
         <subfield code="a">Batch:663</subfield>
      </datafield>
      <datafield tag="917" ind1=" " ind2=" ">
         <subfield code="a">issued</subfield>
      </datafield>
      <datafield tag="918" ind1="2" ind2=" ">
         <subfield code="a">BioOne</subfield>
         <subfield code="e">provider</subfield>
         <subfield code="5">DNAL</subfield>
      </datafield>
      <datafield tag="935" ind1=" " ind2=" ">
         <subfield code="a">IND500651559</subfield>
         <subfield code="9">ExL</subfield>
      </datafield>
      <datafield tag="949" ind1=" " ind2=" ">
         <subfield code="a">2014-10-09</subfield>
      </datafield>
      <datafield tag="953" ind1=" " ind2=" ">
         <subfield code="a">VEGSv17i1-04290045-175018.zip</subfield>
      </datafield>
      <datafield tag="962" ind1=" " ind2=" ">
         <subfield code="a">Batch:663 annotated on 2014-09-16T12:27:54Z</subfield>
      </datafield>
      <datafield tag="962" ind1=" " ind2=" ">
         <subfield code="a">Batch:663 reviewed on 2014-10-08T16:00:02Z</subfield>
      </datafield>
      <datafield tag="962" ind1=" " ind2=" ">
         <subfield code="a">Batch:663 reviewed on 2014-10-09T04:00:02Z</subfield>
      </datafield>
      <datafield tag="974" ind1=" " ind2=" ">
         <subfield code="a">agid:211559</subfield>
      </datafield>
      <datafield tag="983" ind1=" " ind2=" ">
         <subfield code="a">2015-11-27</subfield>
      </datafield>
      <datafield tag="984" ind1=" " ind2=" ">
         <subfield code="a">2015-11-27</subfield>
      </datafield>
   </record>