
   <!--Record: 81-->
   <record>
      <leader>04869nab a2200793 u 4500</leader>
      <controlfield tag="001">9916033443807426</controlfield>
      <controlfield tag="005">20221120170409.0</controlfield>
      <controlfield tag="008">200122e20200121xx |||||o|||||||||||eng||</controlfield>
      <datafield tag="016" ind1="7" ind2=" ">
         <subfield code="a">IND606819484</subfield>
         <subfield code="2">DNAL</subfield>
      </datafield>
      <datafield tag="024" ind1="7" ind2=" ">
         <subfield code="a">10.1637/19-030</subfield>
         <subfield code="2">doi</subfield>
      </datafield>
      <datafield tag="035" ind1=" " ind2=" ">
         <subfield code="a">agid:6819484-01nal_inst</subfield>
      </datafield>
      <datafield tag="040" ind1=" " ind2=" ">
         <subfield code="a">AGL</subfield>
         <subfield code="b">eng</subfield>
         <subfield code="c">AGL</subfield>
      </datafield>
      <datafield tag="100" ind1="1" ind2=" ">
         <subfield code="a">Thomas-Van Gundy, Melissa A.</subfield>
         <subfield code="e">author</subfield>
         <subfield code="u">USDA Forest Service, Northern Research Station, Parsons, West Virginia
        26287</subfield>
      </datafield>
      <datafield tag="245" ind1="1" ind2="0">
         <subfield code="a">Visualizing the Ecological Importance of pre-Euro-American Settlement Fire
        across Three Midwestern Landscapes</subfield>
      </datafield>
      <datafield tag="300" ind1=" " ind2=" ">
         <subfield code="a">p. 1-23.</subfield>
      </datafield>
      <datafield tag="520" ind1=" " ind2=" ">
         <subfield code="a">Bearing-tree data were used to calculate an index, pyrophilic percentage,
        depicting the importance of fire before Euro-American settlement on three landscapes, two
        within the Prairie Peninsula and one outside the region. Based on functional traits, bearing
        trees were classified as either pyrophilic or pyrophobic, applied to Public Land Survey
        points, and the pyrophilic percentage was calculated for each point. Kriging was applied to
        this point database to create a continuous surface of pyrophilic percentages. Regression
        analysis was used to relate this surface to environmental factors. Regression models created
        separately for each study area explained 38 to 53% of the variation in pyrophilic
        percentage. A positive association between pyrophilic percentage and distance to water and
        summer potential evapotranspiration was consistent across all study sites. The consistently
        high values and spatial patterns of pyrophilic percentage revealed fire-dominated landscapes
        interspersed with patches of pyrophobic vegetation. The restriction of pyrophobic areas to
        the leeside (east) of waterbodies indicated these served as firebreaks in a fire-swept
        landscape. Lake Michigan must have had a profound effect on pre- Euro-American settlement
        fire environments, serving as a massive physical firebreak while casting a moist maritime
        climate eastward. In southern and southwestern Illinois, the Mississippi River and
        associated tributaries along with an increase in topographic complexity also served as
        firebreaks, with pyrophobic forests restricted to riparian zones which progressively graded
        to pyrophilic vegetation on surrounding uplands. Our analysis expands the use of Public Land
        Survey data by converting bearing trees into a meaningful fire ecology index. While much of
        the landscape included in our study area is now in agriculture or urbanized, pyrophilic
        percentage maps can help guide land managers in the application of fire for restoration,
        conservation, and forestry purposes.</subfield>
      </datafield>
      <datafield tag="592" ind1=" " ind2=" ">
         <subfield code="a">Publisher supplied data</subfield>
      </datafield>
      <datafield tag="593" ind1=" " ind2=" ">
         <subfield code="a">PubAg article</subfield>
      </datafield>
      <datafield tag="650" ind1=" " ind2="3">
         <subfield code="a">databases</subfield>
      </datafield>
      <datafield tag="650" ind1=" " ind2="3">
         <subfield code="a">environmental factors</subfield>
      </datafield>
      <datafield tag="650" ind1=" " ind2="3">
         <subfield code="a">evapotranspiration</subfield>
      </datafield>
      <datafield tag="650" ind1=" " ind2="3">
         <subfield code="a">fire break</subfield>
      </datafield>
      <datafield tag="650" ind1=" " ind2="3">
         <subfield code="a">fire ecology</subfield>
      </datafield>
      <datafield tag="650" ind1=" " ind2="3">
         <subfield code="a">forestry</subfield>
      </datafield>
      <datafield tag="650" ind1=" " ind2="3">
         <subfield code="a">forests</subfield>
      </datafield>
      <datafield tag="650" ind1=" " ind2="3">
         <subfield code="a">highlands</subfield>
      </datafield>
      <datafield tag="650" ind1=" " ind2="3">
         <subfield code="a">kriging</subfield>
      </datafield>
      <datafield tag="650" ind1=" " ind2="3">
         <subfield code="a">landscapes</subfield>
      </datafield>
      <datafield tag="650" ind1=" " ind2="3">
         <subfield code="a">maritime climate</subfield>
      </datafield>
      <datafield tag="650" ind1=" " ind2="3">
         <subfield code="a">public lands</subfield>
      </datafield>
      <datafield tag="650" ind1=" " ind2="3">
         <subfield code="a">regression analysis</subfield>
      </datafield>
      <datafield tag="650" ind1=" " ind2="3">
         <subfield code="a">riparian areas</subfield>
      </datafield>
      <datafield tag="650" ind1=" " ind2="3">
         <subfield code="a">summer</subfield>
      </datafield>
      <datafield tag="650" ind1=" " ind2="3">
         <subfield code="a">surface water</subfield>
      </datafield>
      <datafield tag="650" ind1=" " ind2="3">
         <subfield code="a">surveys</subfield>
      </datafield>
      <datafield tag="650" ind1=" " ind2="3">
         <subfield code="a">topography</subfield>
      </datafield>
      <datafield tag="650" ind1=" " ind2="3">
         <subfield code="a">trees</subfield>
      </datafield>
      <datafield tag="650" ind1=" " ind2="3">
         <subfield code="a">urbanization</subfield>
      </datafield>
      <datafield tag="651" ind1=" " ind2="3">
         <subfield code="a">Illinois</subfield>
      </datafield>
      <datafield tag="651" ind1=" " ind2="3">
         <subfield code="a">Lake Michigan</subfield>
      </datafield>
      <datafield tag="651" ind1=" " ind2="3">
         <subfield code="a">Mississippi River</subfield>
      </datafield>
      <datafield tag="700" ind1="1" ind2=" ">
         <subfield code="a">Nowacki, Gregory J.</subfield>
         <subfield code="e">author</subfield>
         <subfield code="u">USDA Forest Service, Eastern Region, Milwaukee, Wisconsin 53202</subfield>
      </datafield>
      <datafield tag="700" ind1="1" ind2=" ">
         <subfield code="a">Anderson, Roger C.</subfield>
         <subfield code="e">author</subfield>
         <subfield code="u">Illinois State University, Normal, 67190-4120</subfield>
      </datafield>
      <datafield tag="700" ind1="1" ind2=" ">
         <subfield code="a">Bowles, Marlin L.</subfield>
         <subfield code="e">author</subfield>
         <subfield code="u">The Morton Arboretum, Lisle, Illinois</subfield>
      </datafield>
      <datafield tag="700" ind1="1" ind2=" ">
         <subfield code="a">Brugam, Richard B.</subfield>
         <subfield code="e">author</subfield>
         <subfield code="u">Southern Illinois University, Edwardsville 62025</subfield>
      </datafield>
      <datafield tag="700" ind1="1" ind2=" ">
         <subfield code="a">Pavlovic, Noel B.</subfield>
         <subfield code="e">author</subfield>
         <subfield code="u">US Geological Survey, Porter, Indiana</subfield>
      </datafield>
      <datafield tag="700" ind1="1" ind2=" ">
         <subfield code="a">Halsey, Samniqueka J.</subfield>
         <subfield code="e">author</subfield>
         <subfield code="u">University of Missouri, Columbia 65211</subfield>
      </datafield>
      <datafield tag="700" ind1="1" ind2=" ">
         <subfield code="a">Mcbride, Jenny</subfield>
         <subfield code="e">author</subfield>
         <subfield code="u">Alaska Department of Fish and Game, Juneau 99801</subfield>
      </datafield>
      <datafield tag="773" ind1="0" ind2=" ">
         <subfield code="t">American midland naturalist.</subfield>
         <subfield code="g">2020 Jan. 21, v. 183, no. 1 p.1-23</subfield>
         <subfield code="d">University of Notre Dame</subfield>
         <subfield code="w">Journal:6277</subfield>
         <subfield code="x">0003-0031</subfield>
         <subfield code="7">nnas</subfield>
      </datafield>
      <datafield tag="787" ind1="1" ind2=" ">
         <subfield code="o">islandora_article_repository</subfield>
      </datafield>
      <datafield tag="787" ind1="1" ind2=" ">
         <subfield code="o">product_pubag</subfield>
      </datafield>
      <datafield tag="787" ind1="1" ind2=" ">
         <subfield code="o">(Journal)6277</subfield>
      </datafield>
      <datafield tag="856" ind1="4" ind2="0">
         <subfield code="u">http://dx.doi.org/10.1637/19-030</subfield>
         <subfield code="3">Available from publisher's site</subfield>
      </datafield>
      <datafield tag="912" ind1=" " ind2=" ">
         <subfield code="a">Article</subfield>
      </datafield>
      <datafield tag="914" ind1=" " ind2=" ">
         <subfield code="a">Journal:6277</subfield>
         <subfield code="b">0003-0031</subfield>
         <subfield code="c">183</subfield>
         <subfield code="d">1</subfield>
         <subfield code="e">1</subfield>
      </datafield>
      <datafield tag="914" ind1=" " ind2=" ">
         <subfield code="f">American midland naturalist</subfield>
      </datafield>
      <datafield tag="916" ind1=" " ind2=" ">
         <subfield code="a">Batch:2523</subfield>
      </datafield>
      <datafield tag="917" ind1=" " ind2=" ">
         <subfield code="a">issued</subfield>
      </datafield>
      <datafield tag="918" ind1="2" ind2=" ">
         <subfield code="a">BioOne</subfield>
         <subfield code="e">provider</subfield>
         <subfield code="5">DNAL</subfield>
      </datafield>
      <datafield tag="935" ind1=" " ind2=" ">
         <subfield code="a">IND606819484</subfield>
         <subfield code="9">ExL</subfield>
      </datafield>
      <datafield tag="949" ind1=" " ind2=" ">
         <subfield code="a">2020-07-21</subfield>
      </datafield>
      <datafield tag="953" ind1=" " ind2=" ">
         <subfield code="a">/data/metadata/incoming/bioone/19-030_front.xml.zip</subfield>
      </datafield>
      <datafield tag="954" ind1=" " ind2=" ">
         <subfield code="a">file:/data/metadata/staging/bioone/19-030_front.xml</subfield>
      </datafield>
      <datafield tag="955" ind1=" " ind2=" ">
         <subfield code="a">/data/metadata/staging/bioone/</subfield>
      </datafield>
      <datafield tag="961" ind1=" " ind2=" ">
         <subfield code="a">USDA/FS</subfield>
      </datafield>
      <datafield tag="962" ind1=" " ind2=" ">
         <subfield code="a">Batch:2523 reviewed on 2020-07-21T04:00:04Z</subfield>
      </datafield>
      <datafield tag="974" ind1=" " ind2=" ">
         <subfield code="a">agid:6819484</subfield>
      </datafield>
      <datafield tag="983" ind1=" " ind2=" ">
         <subfield code="a">2020-01-22</subfield>
      </datafield>
      <datafield tag="984" ind1=" " ind2=" ">
         <subfield code="a">2020-07-21</subfield>
      </datafield>
   </record>