
   <!--Record: 82-->
   <record>
      <leader>05879nab a2200721 u 4500</leader>
      <controlfield tag="001">9916033639207426</controlfield>
      <controlfield tag="005">20221123033925.0</controlfield>
      <controlfield tag="008">220606e202204 xx |||||o|||||||||||eng||</controlfield>
      <datafield tag="016" ind1="7" ind2=" ">
         <subfield code="a">IND607707862</subfield>
         <subfield code="2">DNAL</subfield>
      </datafield>
      <datafield tag="024" ind1="7" ind2=" ">
         <subfield code="a">10.1016/j.jag.2022.102743</subfield>
         <subfield code="2">doi</subfield>
      </datafield>
      <datafield tag="035" ind1=" " ind2=" ">
         <subfield code="a">agid:7707862-01nal_inst</subfield>
      </datafield>
      <datafield tag="040" ind1=" " ind2=" ">
         <subfield code="a">AGL</subfield>
         <subfield code="b">eng</subfield>
         <subfield code="c">AGL</subfield>
      </datafield>
      <datafield tag="100" ind1="1" ind2=" ">
         <subfield code="a">Li, Jie</subfield>
         <subfield code="e">author</subfield>
         <subfield code="u">State Key Laboratory of Remote Sensing Science, Faculty of Geographical
        Science, Beijing Normal University, Beijing 100875, China</subfield>
      </datafield>
      <datafield tag="245" ind1="1" ind2="0">
         <subfield code="a">High-spatiotemporal resolution mapping of spatiotemporally continuous
        atmospheric CO2 concentrations over the global continent</subfield>
      </datafield>
      <datafield tag="506" ind1=" " ind2=" ">
         <subfield code="a">Creative Commons Attribution 4.0 Generic (CC BY 4.0)</subfield>
         <subfield code="u">http://creativecommons.org/licenses/by/4.0/</subfield>
         <subfield code="f">Unrestricted online access</subfield>
         <subfield code="2">star</subfield>
      </datafield>
      <datafield tag="506" ind1=" " ind2=" ">
         <subfield code="a">Resource is Open Access</subfield>
         <subfield code="u">http://purl.org/eprint/accessRights/OpenAccess</subfield>
         <subfield code="f">Unrestricted online access</subfield>
         <subfield code="2">star</subfield>
      </datafield>
      <datafield tag="520" ind1=" " ind2=" ">
         <subfield code="a">Carbon dioxide (CO₂) in the atmosphere is an important variable that
        connects the atmosphere and terrestrial ecosystems. However, satellite-observed atmospheric
        CO₂ concentrations are always spatially discrete, and spatiotemporally continuous
        atmospheric CO₂ concentration maps with fine resolution are scarce at the global scale.
        Therefore, a spatiotemporally continuous CO₂ concentration dataset with high-spatiotemporal
        resolution was generated based on satellite CO₂ observations and environmental factors in
        this study. First, the environmental factors affecting atmospheric CO₂ concentrations were
        selected, and by integrating the atmospheric CO₂ concentration data observed by the OCO-2
        satellite, a sample dataset was created. The extreme random tree (ERT) model was then
        trained to determine the relationship between environmental factors and atmospheric CO₂
        concentrations. Finally, spatiotemporally continuous atmospheric CO₂ concentration data
        (0.01° and 8-day resolution) over the global continent were generated based on the
        established ERT model and environmental data. Validation results based on ground atmospheric
        CO₂ concentration observations indicated that the estimated atmospheric CO₂ concentration
        achieved satisfactory performance with coefficients of determination and root mean square
        errors of 0.83 and 1.79 ppm, respectively. The spatiotemporal analysis found that the
        distribution of atmospheric CO₂ concentrations had obvious seasonal patterns and spatial
        heterogeneity across different climatic zones. The generated atmospheric CO₂ concentration
        data have the potential for subsequent studies of global climate change and carbon
        cycling.</subfield>
      </datafield>
      <datafield tag="592" ind1=" " ind2=" ">
         <subfield code="a">Publisher supplied data</subfield>
      </datafield>
      <datafield tag="593" ind1=" " ind2=" ">
         <subfield code="a">PubAg article</subfield>
      </datafield>
      <datafield tag="650" ind1=" " ind2="3">
         <subfield code="a">carbon</subfield>
      </datafield>
      <datafield tag="650" ind1=" " ind2="3">
         <subfield code="a">carbon dioxide</subfield>
      </datafield>
      <datafield tag="650" ind1=" " ind2="3">
         <subfield code="a">climate change</subfield>
      </datafield>
      <datafield tag="650" ind1=" " ind2="3">
         <subfield code="a">data collection</subfield>
      </datafield>
      <datafield tag="650" ind1=" " ind2="3">
         <subfield code="a">models</subfield>
      </datafield>
      <datafield tag="650" ind1=" " ind2="3">
         <subfield code="a">satellites</subfield>
      </datafield>
      <datafield tag="650" ind1=" " ind2="3">
         <subfield code="a">spatial variation</subfield>
      </datafield>
      <datafield tag="653" ind1=" " ind2="0">
         <subfield code="a">Atmospheric CO2 concentration</subfield>
      </datafield>
      <datafield tag="653" ind1=" " ind2="0">
         <subfield code="a">OCO-2 satellite</subfield>
      </datafield>
      <datafield tag="653" ind1=" " ind2="0">
         <subfield code="a">Vegetation parameters</subfield>
      </datafield>
      <datafield tag="653" ind1=" " ind2="0">
         <subfield code="a">Meteorological factors</subfield>
      </datafield>
      <datafield tag="653" ind1=" " ind2="0">
         <subfield code="a">Extremely randomized trees</subfield>
      </datafield>
      <datafield tag="653" ind1=" " ind2="0">
         <subfield code="a">Global continent</subfield>
      </datafield>
      <datafield tag="700" ind1="1" ind2=" ">
         <subfield code="a">Jia, Kun</subfield>
         <subfield code="e">author</subfield>
         <subfield code="u">State Key Laboratory of Remote Sensing Science, Faculty of Geographical
        Science, Beijing Normal University, Beijing 100875, China</subfield>
      </datafield>
      <datafield tag="700" ind1="1" ind2=" ">
         <subfield code="a">Wei, Xiangqin</subfield>
         <subfield code="e">author</subfield>
         <subfield code="u">Aerospace Information Research Institute, Chinese Academy of Sciences,
        Beijing 100101, China</subfield>
      </datafield>
      <datafield tag="700" ind1="1" ind2=" ">
         <subfield code="a">Xia, Mu</subfield>
         <subfield code="e">author</subfield>
         <subfield code="u">State Key Laboratory of Remote Sensing Science, Faculty of Geographical
        Science, Beijing Normal University, Beijing 100875, China</subfield>
      </datafield>
      <datafield tag="700" ind1="1" ind2=" ">
         <subfield code="a">Chen, Zhulin</subfield>
         <subfield code="e">author</subfield>
         <subfield code="u">State Key Laboratory of Remote Sensing Science, Faculty of Geographical
        Science, Beijing Normal University, Beijing 100875, China</subfield>
      </datafield>
      <datafield tag="700" ind1="1" ind2=" ">
         <subfield code="a">Yao, Yunjun</subfield>
         <subfield code="e">author</subfield>
         <subfield code="u">State Key Laboratory of Remote Sensing Science, Faculty of Geographical
        Science, Beijing Normal University, Beijing 100875, China</subfield>
      </datafield>
      <datafield tag="700" ind1="1" ind2=" ">
         <subfield code="a">Zhang, Xiaotong</subfield>
         <subfield code="e">author</subfield>
         <subfield code="u">State Key Laboratory of Remote Sensing Science, Faculty of Geographical
        Science, Beijing Normal University, Beijing 100875, China</subfield>
      </datafield>
      <datafield tag="700" ind1="1" ind2=" ">
         <subfield code="a">Jiang, Haiying</subfield>
         <subfield code="e">author</subfield>
         <subfield code="u">State Key Laboratory of Remote Sensing Science, Faculty of Geographical
        Science, Beijing Normal University, Beijing 100875, China</subfield>
      </datafield>
      <datafield tag="700" ind1="1" ind2=" ">
         <subfield code="a">Yuan, Bo</subfield>
         <subfield code="e">author</subfield>
         <subfield code="u">State Key Laboratory of Remote Sensing Science, Faculty of Geographical
        Science, Beijing Normal University, Beijing 100875, China</subfield>
      </datafield>
      <datafield tag="700" ind1="1" ind2=" ">
         <subfield code="a">Tao, Guofeng</subfield>
         <subfield code="e">author</subfield>
         <subfield code="u">State Key Laboratory of Remote Sensing Science, Faculty of Geographical
        Science, Beijing Normal University, Beijing 100875, China</subfield>
      </datafield>
      <datafield tag="700" ind1="1" ind2=" ">
         <subfield code="a">Zhao, Linlin</subfield>
         <subfield code="e">author</subfield>
         <subfield code="u">State Key Laboratory of Remote Sensing Science, Faculty of Geographical
        Science, Beijing Normal University, Beijing 100875, China</subfield>
      </datafield>
      <datafield tag="773" ind1="0" ind2=" ">
         <subfield code="t">International journal of applied earth observation and
        geoinformation.</subfield>
         <subfield code="g">2022 Apr., v. 108 p.102743-</subfield>
         <subfield code="d">Elsevier B.V.</subfield>
         <subfield code="w">Journal:21448</subfield>
         <subfield code="x">1569-8432</subfield>
         <subfield code="7">nnas</subfield>
      </datafield>
      <datafield tag="787" ind1="1" ind2=" ">
         <subfield code="o">islandora_article_repository</subfield>
      </datafield>
      <datafield tag="787" ind1="1" ind2=" ">
         <subfield code="o">product_pubag</subfield>
      </datafield>
      <datafield tag="787" ind1="1" ind2=" ">
         <subfield code="o">(Journal)22337</subfield>
      </datafield>
      <datafield tag="787" ind1="1" ind2=" ">
         <subfield code="o">(Journal)21448</subfield>
      </datafield>
      <datafield tag="856" ind1="4" ind2="0">
         <subfield code="u">https://dx.doi.org/10.1016/j.jag.2022.102743</subfield>
         <subfield code="3">Available from publisher's site</subfield>
      </datafield>
      <datafield tag="912" ind1=" " ind2=" ">
         <subfield code="a">Article</subfield>
      </datafield>
      <datafield tag="914" ind1=" " ind2=" ">
         <subfield code="a">Journal:22337</subfield>
         <subfield code="b">0303-2434</subfield>
         <subfield code="c">108</subfield>
         <subfield code="e">102743</subfield>
      </datafield>
      <datafield tag="914" ind1=" " ind2=" ">
         <subfield code="a">Journal:21448</subfield>
         <subfield code="b">0303-2434</subfield>
         <subfield code="c">108</subfield>
         <subfield code="e">102743</subfield>
      </datafield>
      <datafield tag="914" ind1=" " ind2=" ">
         <subfield code="f">International journal of applied earth observation and
        geoinformation</subfield>
      </datafield>
      <datafield tag="916" ind1=" " ind2=" ">
         <subfield code="a">Batch:10254</subfield>
      </datafield>
      <datafield tag="917" ind1=" " ind2=" ">
         <subfield code="a">issued</subfield>
      </datafield>
      <datafield tag="918" ind1="2" ind2=" ">
         <subfield code="a">Elsevier Consyn</subfield>
         <subfield code="e">provider</subfield>
         <subfield code="5">DNAL</subfield>
      </datafield>
      <datafield tag="935" ind1=" " ind2=" ">
         <subfield code="a">IND607707862</subfield>
         <subfield code="9">ExL</subfield>
      </datafield>
      <datafield tag="949" ind1=" " ind2=" ">
         <subfield code="a">2022-03-21</subfield>
      </datafield>
      <datafield tag="953" ind1=" " ind2=" ">
         <subfield code="a">/data/metadata/incoming/consyn/152621049099972364-00007-HEAD-ONLY-NEW
        CONSYN ISSNS.zip</subfield>
      </datafield>
      <datafield tag="954" ind1=" " ind2=" ">
         <subfield code="a">file:/data/metadata/staging/consyn/S0303243422000691.xml</subfield>
      </datafield>
      <datafield tag="955" ind1=" " ind2=" ">
         <subfield code="a">/data/metadata/staging/consyn/</subfield>
      </datafield>
      <datafield tag="974" ind1=" " ind2=" ">
         <subfield code="a">agid:7707862</subfield>
      </datafield>
      <datafield tag="983" ind1=" " ind2=" ">
         <subfield code="a">2022-06-06</subfield>
      </datafield>
      <datafield tag="984" ind1=" " ind2=" ">
         <subfield code="a">2022-06-06</subfield>
      </datafield>
   </record>