
   <!--Record: 87-->
   <record>
      <leader>02882nab a2200577 u 4500</leader>
      <controlfield tag="001">9916034187707426</controlfield>
      <controlfield tag="005">20221122153151.0</controlfield>
      <controlfield tag="008">051108e200510 xx |||||o|||||||||||eng||</controlfield>
      <datafield tag="016" ind1="7" ind2=" ">
         <subfield code="a">IND43758723</subfield>
         <subfield code="2">DNAL</subfield>
      </datafield>
      <datafield tag="035" ind1=" " ind2=" ">
         <subfield code="a">agid:2756615-01nal_inst</subfield>
      </datafield>
      <datafield tag="040" ind1=" " ind2=" ">
         <subfield code="a">AGL</subfield>
         <subfield code="b">eng</subfield>
         <subfield code="c">AGL</subfield>
      </datafield>
      <datafield tag="072" ind1=" " ind2="0">
         <subfield code="a"> K810 </subfield>
      </datafield>
      <datafield tag="072" ind1=" " ind2="0">
         <subfield code="a"> J200 </subfield>
      </datafield>
      <datafield tag="072" ind1=" " ind2="0">
         <subfield code="a"> K001 </subfield>
      </datafield>
      <datafield tag="072" ind1=" " ind2="0">
         <subfield code="a"> F300 </subfield>
      </datafield>
      <datafield tag="100" ind1="1" ind2=" ">
         <subfield code="a">Hille, M.G.</subfield>
      </datafield>
      <datafield tag="245" ind1="1" ind2="0">
         <subfield code="a">Mixed conifer forest duff consumption during prescribed fires: tree crown
        impacts</subfield>
      </datafield>
      <datafield tag="300" ind1=" " ind2=" ">
         <subfield code="a">p. 417-424.</subfield>
      </datafield>
      <datafield tag="520" ind1=" " ind2=" ">
         <subfield code="a">Fire suppression has produced large forest floor fuel loads in many
        coniferous forests in western North America. This study describes spatial patterns of duff
        consumption in a mixed-conifer forest in the north-central Sierra Nevada, California.
        Overstory crown coverage was correlated to spatial patterns of duff depth after prescribed
        fire. On one site that was burned under dry conditions, almost all duff was consumed, with
        some remaining in overstory gaps. On a second site that was burned under moist conditions a
        few days after the first annual precipitation, strong spatial patterns of duff consumption
        were recorded with increasing distance from the base of the nearest overstory tree, the
        probability of duff remaining after prescribed fire increased significantly. There is strong
        evidence that spatial variation of precipitation throughfall resulted in higher duff
        moisture in gaps, whereas duff beneath crown cover was drier, and therefore, totally
        consumed. This study demonstrates that including a spatial component in a process-based duff
        consumption model would improve the accuracy of fire-effect predictions. FOR. SCI.
        51(5):417-424.</subfield>
      </datafield>
      <datafield tag="650" ind1=" " ind2="3">
         <subfield code="a">mixed forests</subfield>
      </datafield>
      <datafield tag="650" ind1=" " ind2="3">
         <subfield code="a">coniferous forests</subfield>
      </datafield>
      <datafield tag="650" ind1=" " ind2="3">
         <subfield code="a">forest fires</subfield>
      </datafield>
      <datafield tag="650" ind1=" " ind2="3">
         <subfield code="a">prescribed burning</subfield>
      </datafield>
      <datafield tag="650" ind1=" " ind2="3">
         <subfield code="a">overstory</subfield>
      </datafield>
      <datafield tag="650" ind1=" " ind2="3">
         <subfield code="a">organic horizons</subfield>
      </datafield>
      <datafield tag="650" ind1=" " ind2="3">
         <subfield code="a">forest litter</subfield>
      </datafield>
      <datafield tag="650" ind1=" " ind2="3">
         <subfield code="a">spatial variation</subfield>
      </datafield>
      <datafield tag="650" ind1=" " ind2="3">
         <subfield code="a">throughfall</subfield>
      </datafield>
      <datafield tag="650" ind1=" " ind2="3">
         <subfield code="a">forest soils</subfield>
      </datafield>
      <datafield tag="650" ind1=" " ind2="3">
         <subfield code="a">soil water content</subfield>
      </datafield>
      <datafield tag="651" ind1=" " ind2="3">
         <subfield code="a">California</subfield>
      </datafield>
      <datafield tag="653" ind1=" " ind2="0">
         <subfield code="a">crown</subfield>
      </datafield>
      <datafield tag="653" ind1=" " ind2="0">
         <subfield code="a">Sierra Nevada</subfield>
      </datafield>
      <datafield tag="700" ind1="1" ind2=" ">
         <subfield code="a">Stephens, S.L.</subfield>
      </datafield>
      <datafield tag="773" ind1="0" ind2=" ">
         <subfield code="t">Forest science.</subfield>
         <subfield code="g">2005 Oct., v. 51, no. 5 p.417-424</subfield>
         <subfield code="x">0015-749X</subfield>
         <subfield code="7">nnas</subfield>
      </datafield>
      <datafield tag="787" ind1="1" ind2=" ">
         <subfield code="o">islandora_article_repository</subfield>
      </datafield>
      <datafield tag="787" ind1="1" ind2=" ">
         <subfield code="o">(Journal)jnl45979</subfield>
      </datafield>
      <datafield tag="852" ind1=" " ind2=" ">
         <subfield code="a">DNAL</subfield>
      </datafield>
      <datafield tag="912" ind1=" " ind2=" ">
         <subfield code="a">Article</subfield>
      </datafield>
      <datafield tag="914" ind1=" " ind2=" ">
         <subfield code="a">Journal:jnl45979</subfield>
      </datafield>
      <datafield tag="914" ind1=" " ind2=" ">
         <subfield code="f">Forest science</subfield>
      </datafield>
      <datafield tag="917" ind1=" " ind2=" ">
         <subfield code="a">issued</subfield>
      </datafield>
      <datafield tag="930" ind1=" " ind2=" ">
         <subfield code="a">20080311</subfield>
         <subfield code="b">20080404</subfield>
         <subfield code="c">00000000</subfield>
      </datafield>
      <datafield tag="935" ind1=" " ind2=" ">
         <subfield code="a">IND43758723</subfield>
         <subfield code="9">ExL</subfield>
      </datafield>
      <datafield tag="945" ind1=" " ind2=" ">
         <subfield code="a">IND</subfield>
         <subfield code="d">GAY</subfield>
         <subfield code="e">2005/11/21</subfield>
      </datafield>
      <datafield tag="946" ind1=" " ind2=" ">
         <subfield code="a">Other US</subfield>
      </datafield>
      <datafield tag="952" ind1=" " ind2=" ">
         <subfield code="a">20080311 20080404 00000000</subfield>
         <subfield code="b">IND GAY 2005/11/21</subfield>
      </datafield>
      <datafield tag="974" ind1=" " ind2=" ">
         <subfield code="a">agid:2756615</subfield>
      </datafield>
      <datafield tag="984" ind1=" " ind2=" ">
         <subfield code="a">2014-12-22</subfield>
      </datafield>
      <datafield tag="985" ind1=" " ind2=" ">
         <subfield code="a">Converted from MARCXML to MODS version 3.4 using MARC21slim2MODS3-4.xsl
        (Revision 1.95 2014/04/23)</subfield>
      </datafield>
      <datafield tag="986" ind1=" " ind2=" ">
         <subfield code="a">3758723</subfield>
      </datafield>
   </record>