
   <!--Record: 91-->
   <record>
      <leader>05016nab a2200649 u 4500</leader>
      <controlfield tag="001">9916034526507426</controlfield>
      <controlfield tag="005">20221122223729.0</controlfield>
      <controlfield tag="008">220303e202203 xx |||||o|||||||||||eng||</controlfield>
      <datafield tag="016" ind1="7" ind2=" ">
         <subfield code="a">IND607690691</subfield>
         <subfield code="2">DNAL</subfield>
      </datafield>
      <datafield tag="024" ind1="7" ind2=" ">
         <subfield code="a">10.1002/eap.2490</subfield>
         <subfield code="2">doi</subfield>
      </datafield>
      <datafield tag="035" ind1=" " ind2=" ">
         <subfield code="a">agid:7690691-01nal_inst</subfield>
      </datafield>
      <datafield tag="040" ind1=" " ind2=" ">
         <subfield code="a">AGL</subfield>
         <subfield code="b">eng</subfield>
         <subfield code="c">AGL</subfield>
      </datafield>
      <datafield tag="100" ind1="1" ind2=" ">
         <subfield code="a">Cannon, Jeffery B.</subfield>
         <subfield code="e">author</subfield>
         <subfield code="u">The Jones Center at Ichauway, 3988 Jones Center Drive, Newton, Georgia,
        39870, USA</subfield>
         <subfield code="1">https://orcid.org/0000-0002-8436-8712</subfield>
      </datafield>
      <datafield tag="245" ind1="1" ind2="0">
         <subfield code="a">Low‐ and moderate‐severity fire offers key insights for landscape
        restoration in ponderosa pine forests</subfield>
      </datafield>
      <datafield tag="500" ind1=" " ind2=" ">
         <subfield code="a">JOURNAL ARTICLE</subfield>
      </datafield>
      <datafield tag="520" ind1=" " ind2=" ">
         <subfield code="a">Restoration goals in fire‐prone conifer forests include mitigating fire
        hazard while restoring forest structural components linked to disturbance resilience and
        ecological function. Restoration of overstory spatial pattern in forests often falls short
        of management objectives due to complexities in implementation, regulation, and available
        data. When historical data is available, it is often collected at plots too small to inform
        coarse‐scale metrics like gap size and structure of tree patches (e.g., 1 ha). Principles of
        ecological forestry typically emphasize overstory removal patterns that emulate those of
        natural disturbances. So, low‐ and moderate‐severity portions of contemporary wildfires may
        serve as a guide to restoration treatments where mixed‐severity fires occur. Here, we
        compare forest spatial pattern and configuration in 15 mechanical restoration treatments and
        low‐ and moderate‐severity portions of three wildfires in ponderosa pine‐dominated forests
        to determine how they differ in spatial pattern. We obtained satellite imagery of
        restoration treatments and wildfires and used supervised classification to differentiate
        canopy and openings. We assessed elements of landscape structure including canopy and gap
        cover, gap attributes, and landscape heterogeneity for each disturbance type. We found that
        both mechanical restoration treatments and low‐ and moderate‐severity portions of wildfires
        reduced forest cover, increased gap cover, and altered pattern and arrangement of gaps
        relative to undisturbed areas, though the magnitude of changes were greatest in the burned
        sites. Low‐ and moderate‐severity wildfire consistently increased landscape heterogeneity,
        but mechanical treatments did not. This suggests that a greater emphasis on increasing gap
        and patch spatial structure may make mechanical treatments more congruent with natural
        disturbances. Outcomes of low‐ and moderate‐severity portions of wildfires may provide
        important information upon which to base management prescriptions where reference data on
        landscape patterns is unavailable.</subfield>
      </datafield>
      <datafield tag="592" ind1=" " ind2=" ">
         <subfield code="a">Publisher supplied data</subfield>
      </datafield>
      <datafield tag="593" ind1=" " ind2=" ">
         <subfield code="a">PubAg article</subfield>
      </datafield>
      <datafield tag="596" ind1=" " ind2=" ">
         <subfield code="a">12‐CS‐11021000‐033</subfield>
         <subfield code="c">U.S. Forest Service</subfield>
      </datafield>
      <datafield tag="596" ind1=" " ind2=" ">
         <subfield code="a">68‐3A75‐17‐470</subfield>
         <subfield code="c">Natural Resources Conservation Service</subfield>
      </datafield>
      <datafield tag="596" ind1=" " ind2=" ">
         <subfield code="a">G17AC00392</subfield>
         <subfield code="c">U.S. Geological Survey</subfield>
      </datafield>
      <datafield tag="596" ind1=" " ind2=" ">
         <subfield code="c">Colorado Forest Restoration Institute</subfield>
      </datafield>
      <datafield tag="596" ind1=" " ind2=" ">
         <subfield code="c">Jones Center at Ichauway</subfield>
      </datafield>
      <datafield tag="650" ind1=" " ind2="3">
         <subfield code="a">Pinus ponderosa</subfield>
      </datafield>
      <datafield tag="650" ind1=" " ind2="3">
         <subfield code="a">canopy</subfield>
      </datafield>
      <datafield tag="650" ind1=" " ind2="3">
         <subfield code="a">conifers</subfield>
      </datafield>
      <datafield tag="650" ind1=" " ind2="3">
         <subfield code="a">ecological function</subfield>
      </datafield>
      <datafield tag="650" ind1=" " ind2="3">
         <subfield code="a">fire hazard</subfield>
      </datafield>
      <datafield tag="650" ind1=" " ind2="3">
         <subfield code="a">forestry</subfield>
      </datafield>
      <datafield tag="650" ind1=" " ind2="3">
         <subfield code="a">landscape restoration</subfield>
      </datafield>
      <datafield tag="650" ind1=" " ind2="3">
         <subfield code="a">landscapes</subfield>
      </datafield>
      <datafield tag="650" ind1=" " ind2="3">
         <subfield code="a">overstory</subfield>
      </datafield>
      <datafield tag="650" ind1=" " ind2="3">
         <subfield code="a">remote sensing</subfield>
      </datafield>
      <datafield tag="650" ind1=" " ind2="3">
         <subfield code="a">wildfires</subfield>
      </datafield>
      <datafield tag="700" ind1="1" ind2=" ">
         <subfield code="a">Warnick, Katarina J.</subfield>
         <subfield code="e">author</subfield>
         <subfield code="u">Department of Forest and Rangeland Stewardship, Colorado Forest Restoration
        Institute, Colorado State University, 1472 Campus Delivery, Fort Collins, Colorado, 80523,
        USA</subfield>
      </datafield>
      <datafield tag="700" ind1="1" ind2=" ">
         <subfield code="a">Elliott, Spencer</subfield>
         <subfield code="e">author</subfield>
         <subfield code="u">Department of Forest and Rangeland Stewardship, Colorado Forest Restoration
        Institute, Colorado State University, 1472 Campus Delivery, Fort Collins, Colorado, 80523,
        USA</subfield>
      </datafield>
      <datafield tag="700" ind1="1" ind2=" ">
         <subfield code="a">Briggs, Jennifer S.</subfield>
         <subfield code="e">author</subfield>
         <subfield code="u">Office of Graduate Studies, Colorado School of Mines, 1500 Illinois Street,
        Golden, Colorado, 80401, USA</subfield>
      </datafield>
      <datafield tag="773" ind1="0" ind2=" ">
         <subfield code="t">Ecological applications.</subfield>
         <subfield code="g">2022 Mar., v. 32, no. 2 p.e2490-</subfield>
         <subfield code="d">John Wiley &amp; Sons, Ltd</subfield>
         <subfield code="w">Journal:jnl47193</subfield>
         <subfield code="x">1051-0761</subfield>
         <subfield code="7">nnas</subfield>
      </datafield>
      <datafield tag="787" ind1="1" ind2=" ">
         <subfield code="o">islandora_article_repository</subfield>
      </datafield>
      <datafield tag="787" ind1="1" ind2=" ">
         <subfield code="o">product_pubag</subfield>
      </datafield>
      <datafield tag="787" ind1="1" ind2=" ">
         <subfield code="o">(Journal)jnl47193</subfield>
      </datafield>
      <datafield tag="856" ind1="4" ind2="0">
         <subfield code="u">https://dx.doi.org/10.1002/eap.2490</subfield>
         <subfield code="3">Available from publisher's site</subfield>
      </datafield>
      <datafield tag="912" ind1=" " ind2=" ">
         <subfield code="a">Article</subfield>
      </datafield>
      <datafield tag="914" ind1=" " ind2=" ">
         <subfield code="a">Journal:jnl47193</subfield>
         <subfield code="b">1051-0761</subfield>
         <subfield code="c">32</subfield>
         <subfield code="d">2</subfield>
         <subfield code="e">e2490</subfield>
      </datafield>
      <datafield tag="914" ind1=" " ind2=" ">
         <subfield code="f">Ecological applications</subfield>
      </datafield>
      <datafield tag="916" ind1=" " ind2=" ">
         <subfield code="a">Batch:10238</subfield>
      </datafield>
      <datafield tag="917" ind1=" " ind2=" ">
         <subfield code="a">issued</subfield>
      </datafield>
      <datafield tag="918" ind1="2" ind2=" ">
         <subfield code="a">John Wiley &amp; Sons, Inc</subfield>
         <subfield code="e">provider</subfield>
         <subfield code="5">DNAL</subfield>
      </datafield>
      <datafield tag="935" ind1=" " ind2=" ">
         <subfield code="a">IND607690691</subfield>
         <subfield code="9">ExL</subfield>
      </datafield>
      <datafield tag="949" ind1=" " ind2=" ">
         <subfield code="a">2022-05-17</subfield>
      </datafield>
      <datafield tag="952" ind1=" " ind2=" ">
         <subfield code="d">NAL-AP-2-clean</subfield>
      </datafield>
      <datafield tag="953" ind1=" " ind2=" ">
         <subfield code="a">/data/metadata/incoming/wiley/10510761_2022_32_2.xml</subfield>
      </datafield>
      <datafield tag="954" ind1=" " ind2=" ">
         <subfield code="a">file:/data/metadata/staging/wiley/10510761_2022_32_2.xml</subfield>
      </datafield>
      <datafield tag="955" ind1=" " ind2=" ">
         <subfield code="a">/data/metadata/staging/wiley/</subfield>
      </datafield>
      <datafield tag="974" ind1=" " ind2=" ">
         <subfield code="a">agid:7690691</subfield>
      </datafield>
      <datafield tag="983" ind1=" " ind2=" ">
         <subfield code="a">2022-03-03</subfield>
      </datafield>
      <datafield tag="984" ind1=" " ind2=" ">
         <subfield code="a">2022-05-17</subfield>
      </datafield>
   </record>