
   <!--Record: 95-->
   <record>
      <leader>03324nab a2200553 u 4500</leader>
      <controlfield tag="001">9916036079307426</controlfield>
      <controlfield tag="005">20221121185951.0</controlfield>
      <controlfield tag="008">130325e201303 xx |||||o|||||||||||eng||</controlfield>
      <datafield tag="016" ind1="7" ind2=" ">
         <subfield code="a">IND500635225</subfield>
         <subfield code="2">DNAL</subfield>
      </datafield>
      <datafield tag="024" ind1="7" ind2=" ">
         <subfield code="a">10.1007/s10021-012-9615-2</subfield>
         <subfield code="2">doi</subfield>
      </datafield>
      <datafield tag="035" ind1=" " ind2=" ">
         <subfield code="a">agid:408960-01nal_inst</subfield>
      </datafield>
      <datafield tag="040" ind1=" " ind2=" ">
         <subfield code="a">AGL</subfield>
         <subfield code="b">eng</subfield>
         <subfield code="c">AGL</subfield>
      </datafield>
      <datafield tag="100" ind1="1" ind2=" ">
         <subfield code="a">Vilà-Cabrera, Albert</subfield>
         <subfield code="e">author</subfield>
         <subfield code="u">CREAF, Cerdanyola del Vallès, 08193, Spain, a.vila@creaf.uab.es</subfield>
      </datafield>
      <datafield tag="245" ind1="1" ind2="0">
         <subfield code="a">Patterns of Forest Decline and Regeneration Across Scots Pine
        Populations</subfield>
      </datafield>
      <datafield tag="300" ind1=" " ind2=" ">
         <subfield code="a">p. 323-335.</subfield>
      </datafield>
      <datafield tag="520" ind1=" " ind2=" ">
         <subfield code="a">To predict future changes in forest ecosystems, it is crucial to understand
        the complex processes involved in decline of tree species populations and to evaluate the
        implications for potential vegetation shifts. Here, we study patterns of decline (canopy
        defoliation and mortality of adults) of four Scots pine populations at the southern edge of
        its distribution and characterized by different combinations of climate dryness and
        intensity of past management. General linear and structural equation modeling were used to
        assess how biotic, abiotic, and management components interacted to explain the spatial
        variability of Scots pine decline across and within populations. Regeneration patterns of
        Scots pine and co-occurring oak species were analyzed to assess potential vegetation shifts.
        Decline trends were related to climatic dryness at the regional scale, but, ultimately,
        within-population forest structure, local site conditions, and past human legacies could be
        the main underlying drivers of Scots pine decline. Overall, Scots pine regeneration was
        negatively related to decline both within and between populations, whereas oak species
        responded to decline idiosyncratically across populations. Taken together, our results
        suggest that (1) patterns of decline are the result of processes acting at the plot level
        that modulate forest responses to local environmental stress and (2) decline of adult Scots
        pine trees seems not to be compensated by self-recruitment so that the future dynamics of
        these forest ecosystems are uncertain.</subfield>
      </datafield>
      <datafield tag="592" ind1=" " ind2=" ">
         <subfield code="a">Publisher supplied data</subfield>
      </datafield>
      <datafield tag="593" ind1=" " ind2=" ">
         <subfield code="a">PubAg article</subfield>
      </datafield>
      <datafield tag="650" ind1=" " ind2="3">
         <subfield code="a">Pinus sylvestris</subfield>
      </datafield>
      <datafield tag="650" ind1=" " ind2="3">
         <subfield code="a">canopy</subfield>
      </datafield>
      <datafield tag="650" ind1=" " ind2="3">
         <subfield code="a">climate</subfield>
      </datafield>
      <datafield tag="650" ind1=" " ind2="3">
         <subfield code="a">defoliation</subfield>
      </datafield>
      <datafield tag="650" ind1=" " ind2="3">
         <subfield code="a">forest decline</subfield>
      </datafield>
      <datafield tag="650" ind1=" " ind2="3">
         <subfield code="a">forest ecosystems</subfield>
      </datafield>
      <datafield tag="650" ind1=" " ind2="3">
         <subfield code="a">forests</subfield>
      </datafield>
      <datafield tag="650" ind1=" " ind2="3">
         <subfield code="a">humans</subfield>
      </datafield>
      <datafield tag="650" ind1=" " ind2="3">
         <subfield code="a">models</subfield>
      </datafield>
      <datafield tag="650" ind1=" " ind2="3">
         <subfield code="a">mortality</subfield>
      </datafield>
      <datafield tag="700" ind1="1" ind2=" ">
         <subfield code="a">Martínez-Vilalta, Jordi</subfield>
         <subfield code="e">author</subfield>
      </datafield>
      <datafield tag="700" ind1="1" ind2=" ">
         <subfield code="a">Galiano, Lucía</subfield>
         <subfield code="e">author</subfield>
      </datafield>
      <datafield tag="700" ind1="1" ind2=" ">
         <subfield code="a">Retana, Javier</subfield>
         <subfield code="e">author</subfield>
      </datafield>
      <datafield tag="773" ind1="0" ind2=" ">
         <subfield code="t">Ecosystems.</subfield>
         <subfield code="g">2013 Mar., v. 16, no. 2 p.323-335</subfield>
         <subfield code="d">Springer-Verlag</subfield>
         <subfield code="x">1432-9840</subfield>
         <subfield code="7">nnas</subfield>
      </datafield>
      <datafield tag="787" ind1="1" ind2=" ">
         <subfield code="o">islandora_article_repository</subfield>
      </datafield>
      <datafield tag="787" ind1="1" ind2=" ">
         <subfield code="o">product_pubag</subfield>
      </datafield>
      <datafield tag="787" ind1="1" ind2=" ">
         <subfield code="o">(Journal)jnl70038</subfield>
      </datafield>
      <datafield tag="856" ind1="4" ind2="0">
         <subfield code="u">http://dx.doi.org/10.1007/s10021-012-9615-2</subfield>
      </datafield>
      <datafield tag="912" ind1=" " ind2=" ">
         <subfield code="a">Article</subfield>
      </datafield>
      <datafield tag="914" ind1=" " ind2=" ">
         <subfield code="a">Journal:jnl70038</subfield>
         <subfield code="b">1432-9840</subfield>
         <subfield code="c">16</subfield>
         <subfield code="d">2</subfield>
         <subfield code="e">323</subfield>
      </datafield>
      <datafield tag="914" ind1=" " ind2=" ">
         <subfield code="f">Ecosystems</subfield>
      </datafield>
      <datafield tag="917" ind1=" " ind2=" ">
         <subfield code="a">issued</subfield>
      </datafield>
      <datafield tag="918" ind1="2" ind2=" ">
         <subfield code="a">Springer</subfield>
         <subfield code="e">provider</subfield>
         <subfield code="5">DNAL</subfield>
      </datafield>
      <datafield tag="935" ind1=" " ind2=" ">
         <subfield code="a">IND500635225</subfield>
         <subfield code="9">ExL</subfield>
      </datafield>
      <datafield tag="949" ind1=" " ind2=" ">
         <subfield code="a">2013-12-31</subfield>
      </datafield>
      <datafield tag="951" ind1=" " ind2=" ">
         <subfield code="a">2013-03-24</subfield>
      </datafield>
      <datafield tag="953" ind1=" " ind2=" ">
         <subfield code="a">ftp_PUB_13-03-01_19-06-10.zip</subfield>
      </datafield>
      <datafield tag="962" ind1=" " ind2=" ">
         <subfield code="a">Batch:400 annotated on 2013-12-13T14:28:25Z</subfield>
      </datafield>
      <datafield tag="962" ind1=" " ind2=" ">
         <subfield code="a">Batch:400 reviewed on 2013-12-30T16:00:03Z</subfield>
      </datafield>
      <datafield tag="962" ind1=" " ind2=" ">
         <subfield code="a">Batch:400 reviewed on 2013-12-31T04:00:03Z</subfield>
      </datafield>
      <datafield tag="974" ind1=" " ind2=" ">
         <subfield code="a">agid:408960</subfield>
      </datafield>
   </record>