
   <!--Record: 97-->
   <record>
      <leader>04094nab a2200637 u 4500</leader>
      <controlfield tag="001">9916036628307426</controlfield>
      <controlfield tag="005">20221122235024.0</controlfield>
      <controlfield tag="008">080822e200809 xx |||||o|||||||||||eng||</controlfield>
      <datafield tag="016" ind1="7" ind2=" ">
         <subfield code="a">IND44092857</subfield>
         <subfield code="2">DNAL</subfield>
      </datafield>
      <datafield tag="024" ind1="7" ind2=" ">
         <subfield code="a">10.1111/j.1442-9993.2008.01843.x</subfield>
         <subfield code="2">doi</subfield>
      </datafield>
      <datafield tag="035" ind1=" " ind2=" ">
         <subfield code="a">agid:2104290-01nal_inst</subfield>
      </datafield>
      <datafield tag="040" ind1=" " ind2=" ">
         <subfield code="a">AGL</subfield>
         <subfield code="b">eng</subfield>
         <subfield code="c">AGL</subfield>
      </datafield>
      <datafield tag="100" ind1="1" ind2=" ">
         <subfield code="a">SIMKIN, ROHAN</subfield>
      </datafield>
      <datafield tag="245" ind1="1" ind2="0">
         <subfield code="a">Disturbance history and stand dynamics in tall open forest and riparian
        rainforest in the Central Highlands of Victoria</subfield>
      </datafield>
      <datafield tag="300" ind1=" " ind2=" ">
         <subfield code="a">p. 747-760.</subfield>
      </datafield>
      <datafield tag="520" ind1=" " ind2=" ">
         <subfield code="a">Spatial heterogeneity in the intensity of past disturbances has directly
        influenced the structure and composition of present-day forests around the world. In
        south-eastern Australia infrequent, high-intensity wildfires are a major part of the
        historical disturbance regime. While these fires are often assumed to produce even-aged
        stands, spatial heterogeneity in fire intensity due to highly variable topography may lead
        to more complex forest age structures. Our study describes the influence of disturbance on
        the age structure and dynamics of a mosaic of tall, open eucalypt forest, cool temperate
        rainforest and mixed species forest surrounding Bellel Creek in the Central Highlands of
        Victoria using dendrochronological techniques. We were particularly interested in the
        impacts of the 1939 Black Friday fire and its effects on forest age structure and subsequent
        stand development patterns. Within our study site tall open forest displayed two distinct
        age cohorts: (i) trees that established immediately after the 1939 fire and accounted for
        the majority of individuals in the forest, and (ii) scattered groups of older trees
        estimated to be approximately 200-250 years old. Cool temperate rainforest and mixed forest
        were also dominated by the post-1939 fire age cohort. However, a greater proportion of trees
        in these forest types survived the 1939 fire relative to the tall open forest. The impact of
        the 1939 fire on the growth of surviving trees was highly variable but generally
        short-lived. In most cases growth decreased after the 1939 fire, but generally returned to
        prefire levels within 1-3 years. Non-fire disturbances were limited to small-scale branch-
        and tree-fall events, although the extreme snowstorm of 1977 appears to have caused
        extensive damage to rainforest communities. Our study demonstrates the opportunities for
        dendroecological studies to reconstruct historical dynamics and disturbance patterns in
        Australian forests and provides important insights into variation in landscape-scale fire
        impacts and their effect on subsequent forest development patterns.</subfield>
      </datafield>
      <datafield tag="593" ind1=" " ind2=" ">
         <subfield code="a">PubAg article</subfield>
      </datafield>
      <datafield tag="650" ind1=" " ind2="3">
         <subfield code="a">age structure</subfield>
      </datafield>
      <datafield tag="650" ind1=" " ind2="3">
         <subfield code="a">dendrochronology</subfield>
      </datafield>
      <datafield tag="650" ind1=" " ind2="3">
         <subfield code="a">even-aged stands</subfield>
      </datafield>
      <datafield tag="650" ind1=" " ind2="3">
         <subfield code="a">fire intensity</subfield>
      </datafield>
      <datafield tag="650" ind1=" " ind2="3">
         <subfield code="a">forest trees</subfield>
      </datafield>
      <datafield tag="650" ind1=" " ind2="3">
         <subfield code="a">forest types</subfield>
      </datafield>
      <datafield tag="650" ind1=" " ind2="3">
         <subfield code="a">highlands</subfield>
      </datafield>
      <datafield tag="650" ind1=" " ind2="3">
         <subfield code="a">mixed forests</subfield>
      </datafield>
      <datafield tag="650" ind1=" " ind2="3">
         <subfield code="a">rain forests</subfield>
      </datafield>
      <datafield tag="650" ind1=" " ind2="3">
         <subfield code="a">streams</subfield>
      </datafield>
      <datafield tag="650" ind1=" " ind2="3">
         <subfield code="a">topography</subfield>
      </datafield>
      <datafield tag="650" ind1=" " ind2="3">
         <subfield code="a">wildfires</subfield>
      </datafield>
      <datafield tag="651" ind1=" " ind2="3">
         <subfield code="a">Australia</subfield>
      </datafield>
      <datafield tag="653" ind1=" " ind2="0">
         <subfield code="a">eucalypts</subfield>
      </datafield>
      <datafield tag="653" ind1=" " ind2="0">
         <subfield code="a">growth release</subfield>
      </datafield>
      <datafield tag="653" ind1=" " ind2="0">
         <subfield code="a">mountain ash</subfield>
      </datafield>
      <datafield tag="653" ind1=" " ind2="0">
         <subfield code="a">multiple-age cohorts</subfield>
      </datafield>
      <datafield tag="700" ind1="1" ind2=" ">
         <subfield code="a">BAKER, PATRICK J.</subfield>
      </datafield>
      <datafield tag="773" ind1="0" ind2=" ">
         <subfield code="t">Austral ecology.</subfield>
         <subfield code="g">2008 Sept., v. 33, no. 6 p.747-760</subfield>
         <subfield code="d">Melbourne, Australia : Blackwell Publishing Asia</subfield>
         <subfield code="x">1442-9985</subfield>
         <subfield code="7">nnas</subfield>
      </datafield>
      <datafield tag="787" ind1="1" ind2=" ">
         <subfield code="o">islandora_article_repository</subfield>
      </datafield>
      <datafield tag="787" ind1="1" ind2=" ">
         <subfield code="o">product_pubag</subfield>
      </datafield>
      <datafield tag="787" ind1="1" ind2=" ">
         <subfield code="o">(Journal)jnl59958</subfield>
      </datafield>
      <datafield tag="852" ind1=" " ind2=" ">
         <subfield code="a">DNAL</subfield>
      </datafield>
      <datafield tag="856" ind1="4" ind2="0">
         <subfield code="u">http://dx.doi.org/10.1111/j.1442-9993.2008.01843.x</subfield>
         <subfield code="3">Available from publisher's Web site</subfield>
      </datafield>
      <datafield tag="912" ind1=" " ind2=" ">
         <subfield code="a">Article</subfield>
      </datafield>
      <datafield tag="914" ind1=" " ind2=" ">
         <subfield code="a">Journal:jnl59958</subfield>
      </datafield>
      <datafield tag="914" ind1=" " ind2=" ">
         <subfield code="f">Austral ecology</subfield>
      </datafield>
      <datafield tag="916" ind1=" " ind2=" ">
         <subfield code="a">Batch:1248</subfield>
      </datafield>
      <datafield tag="917" ind1=" " ind2=" ">
         <subfield code="a">issued</subfield>
      </datafield>
      <datafield tag="930" ind1=" " ind2=" ">
         <subfield code="a">20080822</subfield>
         <subfield code="b">20080905</subfield>
         <subfield code="c">00000000</subfield>
      </datafield>
      <datafield tag="935" ind1=" " ind2=" ">
         <subfield code="a">IND44092857</subfield>
         <subfield code="9">ExL</subfield>
      </datafield>
      <datafield tag="946" ind1=" " ind2=" ">
         <subfield code="a">Non-US</subfield>
      </datafield>
      <datafield tag="949" ind1=" " ind2=" ">
         <subfield code="a">2016-03-24</subfield>
      </datafield>
      <datafield tag="952" ind1=" " ind2=" ">
         <subfield code="a">20080822 20080905 00000000</subfield>
      </datafield>
      <datafield tag="962" ind1=" " ind2=" ">
         <subfield code="a">Batch:1248 reviewed on 2016-03-24T16:00:02Z</subfield>
      </datafield>
      <datafield tag="974" ind1=" " ind2=" ">
         <subfield code="a">agid:2104290</subfield>
      </datafield>
      <datafield tag="984" ind1=" " ind2=" ">
         <subfield code="a">2016-03-24</subfield>
      </datafield>
      <datafield tag="985" ind1=" " ind2=" ">
         <subfield code="a">Converted from MARCXML to MODS version 3.4 using MARC21slim2MODS3-4.xsl
        (Revision 1.95 2014/04/23)</subfield>
      </datafield>
      <datafield tag="986" ind1=" " ind2=" ">
         <subfield code="a">4092857</subfield>
      </datafield>
   </record>