
   <!--Record: 98-->
   <record>
      <leader>05115nab a2200721 u 4500</leader>
      <controlfield tag="001">9916036682607426</controlfield>
      <controlfield tag="005">20221117175921.0</controlfield>
      <controlfield tag="008">190604e201906 xx |||||o|||||||||||eng||</controlfield>
      <datafield tag="016" ind1="7" ind2=" ">
         <subfield code="a">IND606459015</subfield>
         <subfield code="2">DNAL</subfield>
      </datafield>
      <datafield tag="024" ind1="7" ind2=" ">
         <subfield code="a">10.1111/jbi.13566</subfield>
         <subfield code="2">doi</subfield>
      </datafield>
      <datafield tag="035" ind1=" " ind2=" ">
         <subfield code="a">agid:6459015-01nal_inst</subfield>
      </datafield>
      <datafield tag="040" ind1=" " ind2=" ">
         <subfield code="a">AGL</subfield>
         <subfield code="b">eng</subfield>
         <subfield code="c">AGL</subfield>
      </datafield>
      <datafield tag="100" ind1="1" ind2=" ">
         <subfield code="a">Murray, Bruce F.</subfield>
         <subfield code="e">author</subfield>
         <subfield code="u">Geography and Planning, School of Humanities Arts and Social Sciences,
        University of New England, Armidale, NSW, Australia</subfield>
         <subfield code="1">https://orcid.org/0000-0002-4035-6197</subfield>
      </datafield>
      <datafield tag="245" ind1="1" ind2="0">
         <subfield code="a">Gene flow and genetic structure in Acacia stenophylla (Fabaceae): Effects
        of hydrological connectivity</subfield>
      </datafield>
      <datafield tag="300" ind1=" " ind2=" ">
         <subfield code="a">p. 1138-1151.</subfield>
      </datafield>
      <datafield tag="500" ind1=" " ind2=" ">
         <subfield code="a">JOURNAL ARTICLE</subfield>
      </datafield>
      <datafield tag="520" ind1=" " ind2=" ">
         <subfield code="a">AIM: Riparian ecosystems are regarded as vulnerable to the effects of
        climate change. Because of their reliance on passive dispersal to migrate from areas where
        conditions have become unfavourable, plants are particularly susceptible. On dryland river
        floodplains, the species diversity of herbaceous annuals is often high while that of
        structurally dominant woody perennials is low. We examined gene flow genetic structure and
        dispersal in Acacia stenophylla, a small perennial tree widely distributed throughout river
        systems of inland Australia. The role of the river corridor in shaping patterns of gene flow
        and genetic structure is also investigated. LOCATION: Murray‐Darling Basin, south eastern
        Australia METHODS: A total of 127 individuals, from 12 subpopulations located on seven
        rivers were genotyped at 13 microsatellite loci. Several population and landscape genetic
        tools were applied to the microsatellite data to evaluate spatial patterns of gene flow and
        genetic structure and make inferences regarding possible modes of dispersal. RESULTS: High
        gene flow and weak genetic structure was identified for the 12 subpopulations of A.
        stenophylla sampled, a surprising result given large distances between subpopulations.
        Pairwise genetic distance between subpopulations was low to moderate and could largely be
        explained (R² = 0.68) by two variables: distance along the river and the proportion of no
        flow days. structure analysis revealed two genetic clusters. Subpopulations located on the
        Darling and Lower Balonne rivers were dominated by cluster one while subpopulations from the
        Warrego and Paroo rivers showed largely mixed ancestry with individuals descending from both
        clusters one and two. MAIN CONCLUSIONS: These results indicate that the river corridor
        facilitates extensive gene flow between subpopulations of A. stenophylla in this system.
        Hydrochory appears to be the dominant process; however, upstream movements of propagules
        most probably via animal movement are sufficient to negate effects expected under
        unidirectional dispersal.</subfield>
      </datafield>
      <datafield tag="592" ind1=" " ind2=" ">
         <subfield code="a">Publisher supplied data</subfield>
      </datafield>
      <datafield tag="593" ind1=" " ind2=" ">
         <subfield code="a">PubAg article</subfield>
      </datafield>
      <datafield tag="650" ind1=" " ind2="3">
         <subfield code="a">Acacia</subfield>
      </datafield>
      <datafield tag="650" ind1=" " ind2="3">
         <subfield code="a">ancestry</subfield>
      </datafield>
      <datafield tag="650" ind1=" " ind2="3">
         <subfield code="a">animals</subfield>
      </datafield>
      <datafield tag="650" ind1=" " ind2="3">
         <subfield code="a">annuals</subfield>
      </datafield>
      <datafield tag="650" ind1=" " ind2="3">
         <subfield code="a">arid lands</subfield>
      </datafield>
      <datafield tag="650" ind1=" " ind2="3">
         <subfield code="a">basins</subfield>
      </datafield>
      <datafield tag="650" ind1=" " ind2="3">
         <subfield code="a">climate change</subfield>
      </datafield>
      <datafield tag="650" ind1=" " ind2="3">
         <subfield code="a">ecosystems</subfield>
      </datafield>
      <datafield tag="650" ind1=" " ind2="3">
         <subfield code="a">floodplains</subfield>
      </datafield>
      <datafield tag="650" ind1=" " ind2="3">
         <subfield code="a">gene flow</subfield>
      </datafield>
      <datafield tag="650" ind1=" " ind2="3">
         <subfield code="a">genetic distance</subfield>
      </datafield>
      <datafield tag="650" ind1=" " ind2="3">
         <subfield code="a">genotyping</subfield>
      </datafield>
      <datafield tag="650" ind1=" " ind2="3">
         <subfield code="a">hydrology</subfield>
      </datafield>
      <datafield tag="650" ind1=" " ind2="3">
         <subfield code="a">landscape genetics</subfield>
      </datafield>
      <datafield tag="650" ind1=" " ind2="3">
         <subfield code="a">microsatellite repeats</subfield>
      </datafield>
      <datafield tag="650" ind1=" " ind2="3">
         <subfield code="a">perennials</subfield>
      </datafield>
      <datafield tag="650" ind1=" " ind2="3">
         <subfield code="a">rivers</subfield>
      </datafield>
      <datafield tag="650" ind1=" " ind2="3">
         <subfield code="a">species diversity</subfield>
      </datafield>
      <datafield tag="650" ind1=" " ind2="3">
         <subfield code="a">trees</subfield>
      </datafield>
      <datafield tag="651" ind1=" " ind2="3">
         <subfield code="a">Australia</subfield>
      </datafield>
      <datafield tag="700" ind1="1" ind2=" ">
         <subfield code="a">Reid, Michael A.</subfield>
         <subfield code="e">author</subfield>
         <subfield code="u">Geography and Planning, School of Humanities Arts and Social Sciences,
        University of New England, Armidale, NSW, Australia</subfield>
         <subfield code="1">https://orcid.org/0000-0002-3948-9347</subfield>
      </datafield>
      <datafield tag="700" ind1="1" ind2=" ">
         <subfield code="a">Capon, Samantha J.</subfield>
         <subfield code="e">author</subfield>
         <subfield code="u">Australian Rivers Institute, Griffith University, Nathan, Qld,
        Australia</subfield>
         <subfield code="1">https://orcid.org/0000-0002-1975-553X</subfield>
      </datafield>
      <datafield tag="700" ind1="1" ind2=" ">
         <subfield code="a">Thoms, Martin</subfield>
         <subfield code="e">author</subfield>
         <subfield code="u">Riverine Landscapes Research Laboratory, Geography and Planning, School of
        Humanities Arts and Social Sciences, University of New England, Armidale, NSW,
        Australia</subfield>
         <subfield code="1">https://orcid.org/0000-0002-8074-0476</subfield>
      </datafield>
      <datafield tag="700" ind1="1" ind2=" ">
         <subfield code="a">Wu, Shu‐Biao</subfield>
         <subfield code="e">author</subfield>
         <subfield code="u">School of Environmental and Rural Science, University of New England,
        Armidale, NSW, Australia</subfield>
         <subfield code="1">https://orcid.org/0000-0002-1790-6015</subfield>
      </datafield>
      <datafield tag="773" ind1="0" ind2=" ">
         <subfield code="t">Journal of biogeography.</subfield>
         <subfield code="g">2019 June, v. 46, no. 6 p.1138-1151</subfield>
         <subfield code="d">John Wiley &amp; Sons, Ltd</subfield>
         <subfield code="w">Journal:jnl9765</subfield>
         <subfield code="x">0305-0270</subfield>
         <subfield code="7">nnas</subfield>
      </datafield>
      <datafield tag="787" ind1="1" ind2=" ">
         <subfield code="o">islandora_article_repository</subfield>
      </datafield>
      <datafield tag="787" ind1="1" ind2=" ">
         <subfield code="o">product_pubag</subfield>
      </datafield>
      <datafield tag="787" ind1="1" ind2=" ">
         <subfield code="o">(Journal)jnl9765</subfield>
      </datafield>
      <datafield tag="856" ind1="4" ind2="0">
         <subfield code="u">http://dx.doi.org/10.1111/jbi.13566</subfield>
         <subfield code="3">Available from publisher's site</subfield>
      </datafield>
      <datafield tag="912" ind1=" " ind2=" ">
         <subfield code="a">Article</subfield>
      </datafield>
      <datafield tag="914" ind1=" " ind2=" ">
         <subfield code="a">Journal:jnl9765</subfield>
         <subfield code="b">0305-0270</subfield>
         <subfield code="c">46</subfield>
         <subfield code="d">6</subfield>
         <subfield code="e">1138</subfield>
      </datafield>
      <datafield tag="914" ind1=" " ind2=" ">
         <subfield code="f">Journal of biogeography</subfield>
      </datafield>
      <datafield tag="916" ind1=" " ind2=" ">
         <subfield code="a">Batch:2260</subfield>
      </datafield>
      <datafield tag="917" ind1=" " ind2=" ">
         <subfield code="a">issued</subfield>
      </datafield>
      <datafield tag="918" ind1="2" ind2=" ">
         <subfield code="a">John Wiley &amp; Sons, Inc</subfield>
         <subfield code="e">provider</subfield>
         <subfield code="5">DNAL</subfield>
      </datafield>
      <datafield tag="935" ind1=" " ind2=" ">
         <subfield code="a">IND606459015</subfield>
         <subfield code="9">ExL</subfield>
      </datafield>
      <datafield tag="949" ind1=" " ind2=" ">
         <subfield code="a">2019-07-25</subfield>
      </datafield>
      <datafield tag="953" ind1=" " ind2=" ">
         <subfield code="a">/data/metadata/incoming/wiley/03050270_2019_46_6.xml</subfield>
      </datafield>
      <datafield tag="954" ind1=" " ind2=" ">
         <subfield code="a">file:/data/metadata/staging/wiley/03050270_2019_46_6.xml</subfield>
      </datafield>
      <datafield tag="955" ind1=" " ind2=" ">
         <subfield code="a">/data/metadata/staging/wiley/</subfield>
      </datafield>
      <datafield tag="962" ind1=" " ind2=" ">
         <subfield code="a">Batch:2260 reviewed on 2019-07-25T15:00:08Z</subfield>
      </datafield>
      <datafield tag="974" ind1=" " ind2=" ">
         <subfield code="a">agid:6459015</subfield>
      </datafield>
      <datafield tag="983" ind1=" " ind2=" ">
         <subfield code="a">2019-06-04</subfield>
      </datafield>
      <datafield tag="984" ind1=" " ind2=" ">
         <subfield code="a">2019-07-25</subfield>
      </datafield>
   </record>