
   <!--Record: 105-->
   <record>
      <leader>04718nab a2200661 u 4500</leader>
      <controlfield tag="001">9916037616107426</controlfield>
      <controlfield tag="005">20221120120141.0</controlfield>
      <controlfield tag="008">211206e202112 xx |||||o|||||||||||eng||</controlfield>
      <datafield tag="016" ind1="7" ind2=" ">
         <subfield code="a">IND607569836</subfield>
         <subfield code="2">DNAL</subfield>
      </datafield>
      <datafield tag="024" ind1="7" ind2=" ">
         <subfield code="a">10.1016/j.ufug.2021.127413</subfield>
         <subfield code="2">doi</subfield>
      </datafield>
      <datafield tag="035" ind1=" " ind2=" ">
         <subfield code="a">agid:7569836-01nal_inst</subfield>
      </datafield>
      <datafield tag="040" ind1=" " ind2=" ">
         <subfield code="a">AGL</subfield>
         <subfield code="b">eng</subfield>
         <subfield code="c">AGL</subfield>
      </datafield>
      <datafield tag="100" ind1="1" ind2=" ">
         <subfield code="a">Ma, Jie</subfield>
         <subfield code="e">author</subfield>
         <subfield code="u">Key Laboratory of Tree Breeding and Cultivation of National Forestry and
        Grassland Administration, Research Institute of Forestry, Chinese Academy of Forestry,
        Beijing, 100091, PR China</subfield>
      </datafield>
      <datafield tag="245" ind1="1" ind2="0">
         <subfield code="a">Spatial variation analysis of urban forest vegetation carbon storage and
        sequestration in built-up areas of Beijing based on i-Tree Eco and Kriging</subfield>
      </datafield>
      <datafield tag="520" ind1=" " ind2=" ">
         <subfield code="a">To explore available methods for assessing the orientation, magnitude, and
        role of urban forests in abating climate change, i-Tree Eco and Kriging interpolation were
        employed to quantify and map the carbon storage and sequestration capability of trees in
        urban forests. Specifically, urban tree field data were collected from 981 sample plots
        throughout five types of urban forests in the built-up area of Beijing, China, and used to
        estimate carbon storage and sequestration within each individual plot and the area as a
        whole. These data were subsequently subjected to Kriging interpolation to map carbon storage
        and sequestration within the study area. The results showed that the carbon storage and
        sequestration patterns in the urban forests in Beijing exhibit noticeable spatial
        heterogeneity, and that there is a clear, statistically significant distribution of high and
        low value areas. Furthermore, urban planning, the degree of urbanization, and the urban
        forest structure effect the carbon spatial distribution. This work provides a reference for
        prudent planning and construction of urban forests and will aid decision-makers in designing
        eco-friendly urban environments.</subfield>
      </datafield>
      <datafield tag="592" ind1=" " ind2=" ">
         <subfield code="a">Publisher supplied data</subfield>
      </datafield>
      <datafield tag="593" ind1=" " ind2=" ">
         <subfield code="a">PubAg article</subfield>
      </datafield>
      <datafield tag="650" ind1=" " ind2="3">
         <subfield code="a">carbon</subfield>
      </datafield>
      <datafield tag="650" ind1=" " ind2="3">
         <subfield code="a">carbon sequestration</subfield>
      </datafield>
      <datafield tag="650" ind1=" " ind2="3">
         <subfield code="a">climate change</subfield>
      </datafield>
      <datafield tag="650" ind1=" " ind2="3">
         <subfield code="a">decision making</subfield>
      </datafield>
      <datafield tag="650" ind1=" " ind2="3">
         <subfield code="a">kriging</subfield>
      </datafield>
      <datafield tag="650" ind1=" " ind2="3">
         <subfield code="a">spatial variation</subfield>
      </datafield>
      <datafield tag="650" ind1=" " ind2="3">
         <subfield code="a">trees</subfield>
      </datafield>
      <datafield tag="650" ind1=" " ind2="3">
         <subfield code="a">urban forestry</subfield>
      </datafield>
      <datafield tag="650" ind1=" " ind2="3">
         <subfield code="a">urban forests</subfield>
      </datafield>
      <datafield tag="650" ind1=" " ind2="3">
         <subfield code="a">urbanization</subfield>
      </datafield>
      <datafield tag="651" ind1=" " ind2="3">
         <subfield code="a">China</subfield>
      </datafield>
      <datafield tag="653" ind1=" " ind2="0">
         <subfield code="a">Carbon storage and sequestration</subfield>
      </datafield>
      <datafield tag="653" ind1=" " ind2="0">
         <subfield code="a">i-Tree Eco</subfield>
      </datafield>
      <datafield tag="653" ind1=" " ind2="0">
         <subfield code="a">Spatial differentiation</subfield>
      </datafield>
      <datafield tag="653" ind1=" " ind2="0">
         <subfield code="a">Urban forest</subfield>
      </datafield>
      <datafield tag="700" ind1="1" ind2=" ">
         <subfield code="a">Li, Xiaoting</subfield>
         <subfield code="e">author</subfield>
         <subfield code="u">Key Laboratory of Tree Breeding and Cultivation of National Forestry and
        Grassland Administration, Research Institute of Forestry, Chinese Academy of Forestry,
        Beijing, 100091, PR China</subfield>
      </datafield>
      <datafield tag="700" ind1="1" ind2=" ">
         <subfield code="a">Baoquan, Jia</subfield>
         <subfield code="e">author</subfield>
         <subfield code="u">Key Laboratory of Tree Breeding and Cultivation of National Forestry and
        Grassland Administration, Research Institute of Forestry, Chinese Academy of Forestry,
        Beijing, 100091, PR China</subfield>
         <subfield code="1">https://orcid.org/0000-0002-8156-083X</subfield>
      </datafield>
      <datafield tag="700" ind1="1" ind2=" ">
         <subfield code="a">Liu, Xiuping</subfield>
         <subfield code="e">author</subfield>
         <subfield code="u">Beijing Key Laboratory of Ecological Function Assessment and Regulation
        Technology of Green Space, Beijing Institute of Landscape Architecture, Beijing, 100102, PR
        China</subfield>
      </datafield>
      <datafield tag="700" ind1="1" ind2=" ">
         <subfield code="a">Li, Tong</subfield>
         <subfield code="e">author</subfield>
         <subfield code="u">Key Laboratory of Tree Breeding and Cultivation of National Forestry and
        Grassland Administration, Research Institute of Forestry, Chinese Academy of Forestry,
        Beijing, 100091, PR China</subfield>
      </datafield>
      <datafield tag="700" ind1="1" ind2=" ">
         <subfield code="a">Zhang, Wen</subfield>
         <subfield code="e">author</subfield>
         <subfield code="u">Key Laboratory of Tree Breeding and Cultivation of National Forestry and
        Grassland Administration, Research Institute of Forestry, Chinese Academy of Forestry,
        Beijing, 100091, PR China</subfield>
      </datafield>
      <datafield tag="700" ind1="1" ind2=" ">
         <subfield code="a">Liu, Wenrui</subfield>
         <subfield code="e">author</subfield>
         <subfield code="u">Key Laboratory of Tree Breeding and Cultivation of National Forestry and
        Grassland Administration, Research Institute of Forestry, Chinese Academy of Forestry,
        Beijing, 100091, PR China</subfield>
      </datafield>
      <datafield tag="773" ind1="0" ind2=" ">
         <subfield code="t">Urban forestry &amp; urban greening.</subfield>
         <subfield code="g">2021 Dec., v. 66 p.127413-</subfield>
         <subfield code="d">Elsevier GmbH</subfield>
         <subfield code="w">Journal:jnl893556</subfield>
         <subfield code="x">1618-8667</subfield>
         <subfield code="7">nnas</subfield>
      </datafield>
      <datafield tag="787" ind1="1" ind2=" ">
         <subfield code="o">islandora_article_repository</subfield>
      </datafield>
      <datafield tag="787" ind1="1" ind2=" ">
         <subfield code="o">product_pubag</subfield>
      </datafield>
      <datafield tag="787" ind1="1" ind2=" ">
         <subfield code="o">(Journal)jnl893556</subfield>
      </datafield>
      <datafield tag="856" ind1="4" ind2="0">
         <subfield code="u">https://dx.doi.org/10.1016/j.ufug.2021.127413</subfield>
         <subfield code="3">Available from publisher's site</subfield>
      </datafield>
      <datafield tag="912" ind1=" " ind2=" ">
         <subfield code="a">Article</subfield>
      </datafield>
      <datafield tag="914" ind1=" " ind2=" ">
         <subfield code="a">Journal:jnl893556</subfield>
         <subfield code="b">1618-8667</subfield>
         <subfield code="e">127413</subfield>
      </datafield>
      <datafield tag="914" ind1=" " ind2=" ">
         <subfield code="f">Urban forestry &amp; urban greening</subfield>
      </datafield>
      <datafield tag="916" ind1=" " ind2=" ">
         <subfield code="a">Batch:10213</subfield>
      </datafield>
      <datafield tag="917" ind1=" " ind2=" ">
         <subfield code="a">issued</subfield>
      </datafield>
      <datafield tag="918" ind1="2" ind2=" ">
         <subfield code="a">Elsevier Consyn</subfield>
         <subfield code="e">provider</subfield>
         <subfield code="5">DNAL</subfield>
      </datafield>
      <datafield tag="935" ind1=" " ind2=" ">
         <subfield code="a">IND607569836</subfield>
         <subfield code="9">ExL</subfield>
      </datafield>
      <datafield tag="949" ind1=" " ind2=" ">
         <subfield code="a">2022-02-22</subfield>
      </datafield>
      <datafield tag="952" ind1=" " ind2=" ">
         <subfield code="d">NAL-AP-2-clean</subfield>
      </datafield>
      <datafield tag="953" ind1=" " ind2=" ">
         <subfield code="a">/data/metadata/incoming/consyn/179005845031791154-00005-HEAD-ONLY-NEW
        CONSYN ISSNS.zip</subfield>
      </datafield>
      <datafield tag="954" ind1=" " ind2=" ">
         <subfield code="a">file:/data/metadata/staging/consyn/S1618866721004404.xml</subfield>
      </datafield>
      <datafield tag="955" ind1=" " ind2=" ">
         <subfield code="a">/data/metadata/staging/consyn/</subfield>
      </datafield>
      <datafield tag="974" ind1=" " ind2=" ">
         <subfield code="a">agid:7569836</subfield>
      </datafield>
      <datafield tag="983" ind1=" " ind2=" ">
         <subfield code="a">2021-12-06</subfield>
      </datafield>
      <datafield tag="984" ind1=" " ind2=" ">
         <subfield code="a">2022-02-20</subfield>
      </datafield>
   </record>