
   <!--Record: 106-->
   <record>
      <leader>05797nab a2200805 u 4500</leader>
      <controlfield tag="001">9916037616807426</controlfield>
      <controlfield tag="005">20221120120116.0</controlfield>
      <controlfield tag="008">190403e20140301xx |||||o|||||||||||eng||</controlfield>
      <datafield tag="016" ind1="7" ind2=" ">
         <subfield code="a">IND605425225</subfield>
         <subfield code="2">DNAL</subfield>
      </datafield>
      <datafield tag="024" ind1="7" ind2=" ">
         <subfield code="a">10.1016/j.foreco.2013.12.011</subfield>
         <subfield code="2">doi</subfield>
      </datafield>
      <datafield tag="035" ind1=" " ind2=" ">
         <subfield code="a">agid:5425225-01nal_inst</subfield>
      </datafield>
      <datafield tag="040" ind1=" " ind2=" ">
         <subfield code="a">AGL</subfield>
         <subfield code="b">eng</subfield>
         <subfield code="c">AGL</subfield>
      </datafield>
      <datafield tag="100" ind1="1" ind2=" ">
         <subfield code="a">Jalonen, Riina</subfield>
         <subfield code="e">author</subfield>
         <subfield code="u">Bioversity International, PO Box 236, UPM Post Office, Serdang, 43400
        Selangor Darul Ehsan, Malaysia</subfield>
      </datafield>
      <datafield tag="245" ind1="1" ind2="0">
         <subfield code="a">Integrating genetic factors into management of tropical Asian production
        forests: A review of current knowledge</subfield>
      </datafield>
      <datafield tag="300" ind1=" " ind2=" ">
         <subfield code="a">p. 191-201.</subfield>
      </datafield>
      <datafield tag="520" ind1=" " ind2=" ">
         <subfield code="a">Maintaining the genetic viability of timber species is especially important
        to sustaining the productivity and quality of timber in tropical production forests because
        the diversity of tree species is high, their population densities are low, and pollen
        dispersal of many species is limited to short distances. Conservation of the genetic
        diversity of timber species also enhances the conservation value of production forests and
        contributes to landscape connectivity. Tropical forests are commonly managed under selection
        logging regimes with minimum diameter cutting limits. These typically result in systematic
        removal of the largest and often the most fecund trees. Very little guidance is available to
        forest managers on the measures needed to maintain viable populations of timber species in
        production forests. We reviewed current knowledge regarding the impacts of logging on
        genetic processes in tropical Asian tree species to find foundations for developing
        practical guidelines for managing these impacts and to identify research needs. The review
        focuses on mixed dipterocarp forests, where the canopy layer is dominated by trees of the
        Dipterocarpaceae family, one of the most globally important timber families. We examined the
        impacts of practices including logging intensity, minimum diameter cutting limits and
        spatial patterns of tree removal with regards to biological parameters such as effective
        breeding units, size at reproductive maturity, fine-scale spatial genetic structure and the
        importance of general flowering in producing diverse seed. Research conducted to date shows
        that because of characteristics such as naturally low population densities, limited pollen
        dispersal and fine-scale spatial genetic structure, many tree species in mixed dipterocarp
        forests are sensitive to reductions in the density of reproductive conspecifics; in most
        cases tree extraction resulted in increased inbreeding. Although genetic research in these
        forests is still limited, enough knowledge exists to initiate the development of practical
        management guidelines e.g. on minimum population densities as a precondition for logging or
        documentation of sources of propagation material used in enrichment planting. Future
        research should focus on studying species characteristics which can indicate vulnerability
        to genetic erosion and the prevalence of these characteristics among species in mixed
        dipterocarp forests, to identify species or species groups which may require specific
        measures to maintain genetically viable populations in logged forests and in the larger
        landscape. Such characteristics may include large size at reproductive maturity or slow
        increase in fecundity with size, fine-scale spatial genetic structure, low population
        densities, limited pollen dispersal, or high juvenile mortality.</subfield>
      </datafield>
      <datafield tag="592" ind1=" " ind2=" ">
         <subfield code="a">Publisher supplied data</subfield>
      </datafield>
      <datafield tag="593" ind1=" " ind2=" ">
         <subfield code="a">PubAg article</subfield>
      </datafield>
      <datafield tag="650" ind1=" " ind2="3">
         <subfield code="a">Dipterocarpaceae</subfield>
      </datafield>
      <datafield tag="650" ind1=" " ind2="3">
         <subfield code="a">canopy</subfield>
      </datafield>
      <datafield tag="650" ind1=" " ind2="3">
         <subfield code="a">cutting</subfield>
      </datafield>
      <datafield tag="650" ind1=" " ind2="3">
         <subfield code="a">fecundity</subfield>
      </datafield>
      <datafield tag="650" ind1=" " ind2="3">
         <subfield code="a">flowering</subfield>
      </datafield>
      <datafield tag="650" ind1=" " ind2="3">
         <subfield code="a">genetic variation</subfield>
      </datafield>
      <datafield tag="650" ind1=" " ind2="3">
         <subfield code="a">germplasm conservation</subfield>
      </datafield>
      <datafield tag="650" ind1=" " ind2="3">
         <subfield code="a">guidelines</subfield>
      </datafield>
      <datafield tag="650" ind1=" " ind2="3">
         <subfield code="a">inbreeding</subfield>
      </datafield>
      <datafield tag="650" ind1=" " ind2="3">
         <subfield code="a">juveniles</subfield>
      </datafield>
      <datafield tag="650" ind1=" " ind2="3">
         <subfield code="a">landscapes</subfield>
      </datafield>
      <datafield tag="650" ind1=" " ind2="3">
         <subfield code="a">logging</subfield>
      </datafield>
      <datafield tag="650" ind1=" " ind2="3">
         <subfield code="a">managers</subfield>
      </datafield>
      <datafield tag="650" ind1=" " ind2="3">
         <subfield code="a">mortality</subfield>
      </datafield>
      <datafield tag="650" ind1=" " ind2="3">
         <subfield code="a">planting</subfield>
      </datafield>
      <datafield tag="650" ind1=" " ind2="3">
         <subfield code="a">pollen flow</subfield>
      </datafield>
      <datafield tag="650" ind1=" " ind2="3">
         <subfield code="a">population density</subfield>
      </datafield>
      <datafield tag="650" ind1=" " ind2="3">
         <subfield code="a">propagation materials</subfield>
      </datafield>
      <datafield tag="650" ind1=" " ind2="3">
         <subfield code="a">sexual maturity</subfield>
      </datafield>
      <datafield tag="650" ind1=" " ind2="3">
         <subfield code="a">trees</subfield>
      </datafield>
      <datafield tag="650" ind1=" " ind2="3">
         <subfield code="a">tropical forests</subfield>
      </datafield>
      <datafield tag="650" ind1=" " ind2="3">
         <subfield code="a">tropical wood</subfield>
      </datafield>
      <datafield tag="650" ind1=" " ind2="3">
         <subfield code="a">wood quality</subfield>
      </datafield>
      <datafield tag="653" ind1=" " ind2="0">
         <subfield code="a">Genetic diversity</subfield>
      </datafield>
      <datafield tag="653" ind1=" " ind2="0">
         <subfield code="a">Population size</subfield>
      </datafield>
      <datafield tag="653" ind1=" " ind2="0">
         <subfield code="a">Selective logging</subfield>
      </datafield>
      <datafield tag="653" ind1=" " ind2="0">
         <subfield code="a">Habitat fragmentation</subfield>
      </datafield>
      <datafield tag="653" ind1=" " ind2="0">
         <subfield code="a">Forest management guidelines</subfield>
      </datafield>
      <datafield tag="653" ind1=" " ind2="0">
         <subfield code="a">Dipterocarpaceae</subfield>
      </datafield>
      <datafield tag="700" ind1="1" ind2=" ">
         <subfield code="a">Hong, Lay Thong</subfield>
         <subfield code="e">author</subfield>
         <subfield code="u">Bioversity International, PO Box 236, UPM Post Office, Serdang, 43400
        Selangor Darul Ehsan, Malaysia</subfield>
      </datafield>
      <datafield tag="700" ind1="1" ind2=" ">
         <subfield code="a">Lee, Soon Leong</subfield>
         <subfield code="e">author</subfield>
         <subfield code="u">Forest Research Institute Malaysia (FRIM), 52109 Kepong, Selangor Darul
        Ehsan, Malaysia</subfield>
      </datafield>
      <datafield tag="700" ind1="1" ind2=" ">
         <subfield code="a">Loo, Judy</subfield>
         <subfield code="e">author</subfield>
         <subfield code="u">Bioversity International, Via dei Tre Denari 472/a, 00057 Maccarese, Rome,
        Italy</subfield>
      </datafield>
      <datafield tag="700" ind1="1" ind2=" ">
         <subfield code="a">Snook, Laura</subfield>
         <subfield code="e">author</subfield>
         <subfield code="u">Bioversity International, Via dei Tre Denari 472/a, 00057 Maccarese, Rome,
        Italy</subfield>
      </datafield>
      <datafield tag="773" ind1="0" ind2=" ">
         <subfield code="t">Forest ecology and management.</subfield>
         <subfield code="g">2014 Mar. 01, v. 315 p.191-201</subfield>
         <subfield code="d">Elsevier B.V.</subfield>
         <subfield code="w">Journal:jnl9013</subfield>
         <subfield code="x">0378-1127</subfield>
         <subfield code="7">nnas</subfield>
      </datafield>
      <datafield tag="787" ind1="1" ind2=" ">
         <subfield code="o">islandora_article_repository</subfield>
      </datafield>
      <datafield tag="787" ind1="1" ind2=" ">
         <subfield code="o">product_pubag</subfield>
      </datafield>
      <datafield tag="787" ind1="1" ind2=" ">
         <subfield code="o">(Journal)jnl9013</subfield>
      </datafield>
      <datafield tag="856" ind1="4" ind2="0">
         <subfield code="u">https://dx.doi.org/10.1016/j.foreco.2013.12.011</subfield>
         <subfield code="3">Available from publisher's site</subfield>
      </datafield>
      <datafield tag="912" ind1=" " ind2=" ">
         <subfield code="a">Article</subfield>
      </datafield>
      <datafield tag="914" ind1=" " ind2=" ">
         <subfield code="a">Journal:jnl9013</subfield>
         <subfield code="b">0378-1127</subfield>
         <subfield code="c">315</subfield>
         <subfield code="e">191</subfield>
      </datafield>
      <datafield tag="914" ind1=" " ind2=" ">
         <subfield code="f">Forest ecology and management</subfield>
      </datafield>
      <datafield tag="916" ind1=" " ind2=" ">
         <subfield code="a">Batch:1428</subfield>
      </datafield>
      <datafield tag="917" ind1=" " ind2=" ">
         <subfield code="a">issued</subfield>
      </datafield>
      <datafield tag="918" ind1="2" ind2=" ">
         <subfield code="a">Elsevier Consyn</subfield>
         <subfield code="e">provider</subfield>
         <subfield code="5">DNAL</subfield>
      </datafield>
      <datafield tag="935" ind1=" " ind2=" ">
         <subfield code="a">IND605425225</subfield>
         <subfield code="9">ExL</subfield>
      </datafield>
      <datafield tag="949" ind1=" " ind2=" ">
         <subfield code="a">2019-04-03</subfield>
      </datafield>
      <datafield tag="953" ind1=" " ind2=" ">
         <subfield code="a">/data/metadata/incoming/consyn-backfiles/46-2-00064-HEAD-ONLY.zip</subfield>
      </datafield>
      <datafield tag="954" ind1=" " ind2=" ">
         <subfield code="a">file:/data/metadata/staging/consyn-backfiles/S037811271300813X.xml</subfield>
      </datafield>
      <datafield tag="955" ind1=" " ind2=" ">
         <subfield code="a">/data/metadata/staging/consyn-backfiles/</subfield>
      </datafield>
      <datafield tag="974" ind1=" " ind2=" ">
         <subfield code="a">agid:5425225</subfield>
      </datafield>
      <datafield tag="983" ind1=" " ind2=" ">
         <subfield code="a">2019-04-03</subfield>
      </datafield>
      <datafield tag="984" ind1=" " ind2=" ">
         <subfield code="a">2019-04-03</subfield>
      </datafield>
   </record>